1859 3310
377 255 422 277 22
820 236 1046 269 CORNELII
1080 235 1284 269 NEPOTIS

372 320 500 363 eitate
525 322 567 363 in
595 338 642 363 ea
667 337 712 363 re
733 336 853 374 usus,
879 318 1031 362 elatius
1056 336 1099 361 se
1122 336 1272 380 gerere
1293 320 1442 378 coepit,
1467 318 1736 377 majoresque

371 408 575 458 appetere
605 415 684 442 res.
713 400 825 442 Nam
856 415 1012 457 quum,
1039 399 1245 458 Byzantio
1268 406 1535 457 expugnatO,
1557 398 1737 456 cepisset

369 476 613 537 complures
636 479 863 520 Persarum
895 476 1078 531 nobiles,
1108 487 1237 536 atque
1259 478 1301 519 in
1326 478 1390 520 his
1414 474 1646 519 nonnullos
1675 493 1737 519 re-

368 557 432 616 gis
448 556 735 616 propinquos3
755 557 832 599 hos
851 555 963 598 elam
981 557 1115 599 Xerxi
1132 557 1316 612 remisit,
1335 555 1563 609 simulans,
1581 572 1631 598 ex
1644 556 1736 598 vin·

331 637 336 641 '
369 634 476 678 culis
501 634 687 694 publicis
712 633 938 694 effugisse3
960 644 1003 677 et
1028 651 1127 678 eum
1152 635 1217 678 his
1241 634 1493 696 Gongylum
1518 635 1736 679 Eretrien-

368 714 556 773 sem,qui
572 712 736 756 litteras
750 714 841 774 regi
858 712 1072 770 redderet,
1090 715 1132 757 in
1150 715 1308 774 quibus
1329 715 1419 758 haec
1433 715 1561 758 fuisse
1576 715 1736 774 scripta

367 792 640 852 Thucydides
657 793 876 835 memoriae
890 792 1082 852 prodidit
1104 810 1112 836 :
1133 813 1154 834 a
1173 795 1427 850 Pausanias,
1450 793 1536 836 dux
1558 796 1735 853 Spartae,

367 887 474 929 quos
497 872 689 931 Byzantii
708 881 900 932 ceperat,
916 881 1149 932 postquam
1174 873 1441 932 propinquos
1467 883 1564 916 tuos
1580 890 1737 933 cogno-

369 950 447 1005 vit,
471 950 548 993 tibi
577 952 747 994 muneri
776 952 913 1007 misit3
948 968 1077 1012 seque
1113 962 1254 995 tecum
1290 951 1499 995 affinitate
1532 953 1737 1013 conjungi

367 1030 497 1089 cupit.
523 1032 672 1088 Quare
687 1065 697 1085 ,
717 1031 750 1074 si
776 1031 854 1073 tibi
875 1030 1068 1085 videtur,
1092 1030 1165 1074 des
1188 1031 1225 1075 ei
1246 1030 1378 1074 filiam
1399 1041 1516 1074 tuam
1537 1041 1736 1091 nuptum.

371 1108 415 1152 [d
445 1109 478 1152 si
504 1109 674 1165 feceris,
692 1120 735 1153 et
752 1112 978 1170 Spartam,
1003 1120 1046 1154 et
1064 1119 1251 1154 ceteram
1276 1111 1490 1154 Graeciam
1516 1111 1595 1154 sub
1619 1121 1736 1154 tuam

368 1197 644 1248 potestatem,
669 1206 712 1233 se
735 1190 989 1250 adjuvante,
1014 1190 1292 1234 redacturum
1318 1189 1561 1251 pollicetur.
1587 1191 1663 1234 His
1687 1191 1738 1234 de

367 1269 495 1312 rebus
524 1270 559 1312 si
593 1269 698 1328 quid
733 1271 823 1329 geri
853 1268 1059 1326 volueris,
1093 1279 1260 1313 certum
1292 1270 1515 1314 hominem
1549 1270 1602 1313 ad
1640 1286 1737 1313 eum

368 1350 513 1392 mittas
540 1348 651 1405 face,
685 1366 782 1392 eum
815 1366 902 1409 quo
932 1349 1253 1410 colloquatur.»
1277 1353 1391 1403 Rex,
1421 1360 1487 1394 tot
1509 1351 1737 1394 hominum

366 1426 503 1471 salute
534 1438 623 1471 tam
656 1429 735 1472 sibi
768 1430 1113 1474 necessariorum
1136 1446 1400 1491 magnopere
1426 1431 1617 1491 gavisus,
1640 1447 1740 1473 con-

367 1507 507 1551 festim
527 1525 627 1552 cum
655 1508 836 1568 epistola
862 1510 1130 1553 Artabazum
1153 1510 1206 1553 ad
1223 1511 1482 1553 Pausaniam
1505 1510 1640 1553 mittit
1666 1527 1674 1553 ε
1696 1511 1739 1553 in

368 1604 454 1647 qua
476 1605 573 1631 eum
599 1588 839 1645 collaudat,
858 1605 908 1633 ae
931 1590 1062 1650 petit,
1087 1606 1141 1634 ne
1163 1591 1233 1634 eui
1251 1591 1313 1633 rei
1333 1599 1485 1650 parcat
1502 1589 1557 1632 ad
1581 1606 1629 1633 ea
1650 1606 1740 1650 per-

367 1667 573 1724 ficienda,
596 1685 691 1729 quae
720 1668 952 1729 pollicetur
979 1686 987 1712 ε
1014 1670 1048 1712 si
1080 1669 1247 1725 fecerit,
1271 1668 1433 1713 nullius
1462 1670 1525 1712 rei
1557 1686 1581 1712 a
1611 1686 1654 1713 se
1676 1686 1740 1712 re·

367 1746 536 1807 pulsam
573 1747 779 1792 laturum.
820 1750 961 1809 Hujus
1002 1749 1238 1793 Pausanias
1281 1748 1506 1792 voluntate
1546 1749 1739 1809 cognita,

366 1827 550 1872 alacrior
577 1829 631 1872 ad
663 1846 754 1872 rem
784 1829 1016 1890 gerendam
1045 1829 1204 1885 factus,
1238 1830 1281 1871 in
1314 1830 1604 1889 suspicionem
1634 1830 1741 1872 ceci-

366 1907 431 1950 dit
463 1908 908 1952 Lacedaemoniorum.
939 1912 990 1952 In
1020 1925 1108 1969 quo
1139 1908 1254 1952 facto
1279 1908 1457 1951 domum
1492 1918 1739 1960 revocatus,

366 1998 594 2032 accusatus
627 1990 801 2049 eapitis,
829 1989 1098 2045 absolvitur3
1133 1989 1344 2033 multatur
1372 1999 1516 2033 tamen
1541 1989 1736 2048 pecunia.

365 2069 508 2125 Quam
530 2069 585 2112 ob
612 2085 786 2112 causam
806 2069 861 2113 ad
882 2069 1062 2112 classem
1088 2070 1292 2112 remissus
1312 2085 1398 2111 non
1421 2079 1497 2112 est.

429 2150 506 2191 III.
527 2153 585 2195 At
608 2147 696 2204 ille,
717 2158 813 2208 post
838 2165 923 2191 non
958 2147 1122 2205 multo,
1144 2165 1219 2192 sua
1246 2158 1400 2208 sponte
1425 2148 1478 2191 ad
1502 2150 1737 2193 exercitum

366 2228 517 2283 rediit,
542 2238 585 2272 et
615 2228 671 2271 ibi
702 2245 788 2271 non
817 2227 996 2283 callida,
1019 2228 1092 2272 sed
1120 2228 1310 2272 dementi
1336 2230 1522 2285 ratione,
1551 2230 1739 2289 cogitata

366 2308 580 2368 patefecit.
603 2309 704 2352 Non
732 2310 847 2352 enim
875 2325 1016 2352 mores
1038 2310 1200 2369 patrios
1222 2308 1380 2363 solum,
1402 2309 1476 2352 sed
1496 2310 1626 2352 etiam
1652 2308 1740 2352 cul-

370 2398 475 2441 tum,
489 2389 783 2448 vestitumque
795 2391 993 2432 mutavit.
1014 2391 1240 2449 Apparatu
1257 2391 1377 2450 regio
1389 2389 1609 2445 utebatur,
1621 2399 1738 2433 veste

374 2467 542 2511 Medica
561 2485 568 2510 :
586 2467 791 2511 satellites
809 2468 926 2512 Medi
947 2479 988 2512 et
1004 2470 1195 2529 AEgyptii
1209 2469 1521 2529 sequebantur:
1534 2467 1738 2529 epulaba-

367 2555 437 2589 tur
452 2564 574 2590 more
595 2549 826 2591 Persarum
844 2548 1128 2604 luxuriosius,
1150 2564 1302 2608 quam,
1325 2549 1399 2607 qui
1421 2548 1625 2605 aderant,
1642 2565 1736 2607 per—

367 2626 455 2684 peti
480 2637 679 2685 possent:
708 2627 872 2670 aditum
900 2628 1148 2686 petentibus
1170 2627 1457 2670 conveniendi
1483 2645 1569 2670 non
1588 2627 1735 2670 dabat:
