1859 3310
601 228 881 262 AcsssmAUS.
1383 243 1429 276 91

70 307 151 352 lica
177 326 187 352 :
212 312 306 369 qui,
342 329 476 371 quum
507 313 662 354 victori
690 321 893 370 praeesset
920 312 1149 366 exercitui,
1177 312 1432 354 maximam-

68 403 152 446 que
189 388 369 433 haberet
404 390 606 433 fiduciam
639 390 760 449 regni
793 391 1022 433 Persarum
1059 389 1278 449 potiundi,
1314 398 1433 432 tanta

70 466 279 511 modestia
310 468 426 512 dicto
452 468 631 512 audiens
659 468 742 511 fuit
768 470 897 529 jussis
928 469 1171 512 absentium
1206 468 1432 527 magistra-

71 554 218 602 tuum,
256 556 305 589 ut
344 547 378 589 si
413 548 605 606 privatus
644 548 686 590 in
723 548 900 591 comitio
936 558 1047 591 esset
1082 549 1258 607 Spartae.
1296 547 1432 606 Cujus

69 623 315 683 exemplum
345 626 514 669 utinam
548 627 829 686 imperatores
861 627 997 670 nostri
1031 627 1150 686 sequi
1175 622 1430 669 voluissent!

69 702 150 746 Sed
175 701 278 747 illuc
302 704 541 748 redeamus.
567 704 792 766 Agesilaus
816 705 1144 766 opulentissimo
1172 721 1306 765 regno
1323 721 1432 764 pree-

68 782 210 842 posuit
229 783 389 827 bonam
414 785 799 841 existimationem3
814 785 1038 846 multoque
1053 785 1279 846 gloriosius
1295 784 1431 838 duxit,

68 861 101 904 si
127 861 336 906 institutis
370 865 521 923 patriae
550 865 782 924 paruisset,
808 881 937 925 quam
975 865 1010 907 si
1044 863 1158 907 bello
1191 872 1433 923 superasset

68 941 226 984 Asiam.
251 943 344 984 Hac
372 943 506 1003 igitur
536 953 681 987 mente
712 943 1043 1004 Hellespontum
1070 943 1214 1002 copias
1240 942 1431 1001 trajecit,

68 1030 276 1080 tantaque
301 1037 402 1065 usus
427 1032 491 1066 est
515 1022 754 1079 celeritate,
784 1033 832 1066 ut
861 1022 976 1082 quod
1011 1023 1093 1065 iter
1123 1024 1288 1065 Xerxes
1317 1036 1432 1062 anno

69 1109 262 1143 vertente
320 1101 595 1157 confecerat,
650 1103 720 1145 hic
770 1102 990 1145 transierit
1042 1101 1217 1161 triginta
1264 1099 1427 1142 diebus.

67 1181 215 1237 Quum
235 1181 325 1240 jam
354 1181 471 1224 haud
498 1181 559 1224 ita
578 1180 704 1242 longe
723 1182 890 1225 abesset
915 1197 939 1223 a
959 1179 1274 1240 Peloponneso,
1299 1177 1434 1221 obsis-

69 1269 158 1302 tere
180 1260 219 1303 ei
243 1261 387 1303 conati
409 1271 511 1304 sunt
530 1261 816 1305 Athenienses
843 1270 885 1303 et
905 1261 1083 1314 Boeotii,
1112 1259 1329 1317 ceterique
1360 1276 1432 1301 co-

67 1354 164 1382 rum
195 1339 317 1395 socii,
346 1339 462 1400 apud
497 1341 740 1383 Coroneam
773 1357 781 1383 :
807 1356 915 1399 quos
945 1355 1095 1383 omnes
1130 1338 1247 1398 gravi
1281 1335 1432 1397 proelio

69 1419 185 1462 vicit.
212 1419 352 1479 Hujus
378 1420 569 1463 victoriae
594 1419 662 1463 vel
687 1420 875 1463 maxima
902 1419 984 1462 fuit
1007 1418 1118 1474 laus,
1141 1416 1276 1476 quod,
1298 1431 1432 1475 quum

69 1498 263 1559 plerique
291 1516 343 1542 ex
372 1498 473 1560 fuga
505 1516 548 1542 se
581 1500 625 1542 in
652 1499 859 1559 templum
893 1499 1102 1542 Minervae
1128 1497 1432 1557 conjecissent,

70 1587 420 1638 quaerereturque
453 1580 506 1621 ab
535 1595 586 1621 eo
628 1579 732 1639 quid
762 1579 827 1622 his
858 1578 951 1622 fieri
979 1577 1132 1633 vellet,
1161 1577 1239 1619 etsi
1268 1575 1434 1634 aliquot

68 1656 248 1701 vulnera
261 1667 485 1718 acceperat
498 1674 549 1701 eo
568 1657 739 1718 proelio,
760 1668 802 1700 et
827 1659 962 1700 iratus
985 1657 1212 1700 videbatur
1233 1654 1433 1698 omnibus

69 1738 142 1796 qui
167 1737 371 1781 adversus
391 1753 511 1780 arma
538 1735 747 1792 tulerant,
776 1747 920 1779 tamen
943 1735 1145 1779 antetulit
1168 1736 1240 1778 irae
1264 1733 1435 1793 religio-

70 1833 193 1872 nem,
218 1827 260 1860 et
294 1833 367 1861 eos
398 1818 535 1860 vetuit
570 1816 737 1860 violari.
777 1818 931 1876 Neque
962 1833 1064 1859 vero
1100 1816 1182 1858 hoe
1216 1813 1355 1857 solum
1391 1814 1434 1856 in

70 1896 239 1940 Graecia
274 1895 374 1939 fecit
413 1906 462 1939 ut
511 1894 667 1956 templa
707 1895 886 1939 deorum
927 1905 1075 1939 sancta
1116 1895 1320 1948 haberet3
1362 1892 1435 1936 sed

69 1976 197 2019 etiam
231 1975 347 2035 apud
371 1975 578 2018 barbaros
607 1992 777 2018 summa
802 1974 1010 2035 religione
1038 1976 1183 2017 omnia
1208 1971 1436 2016 simulacra

70 2072 249 2116 arasque
283 2056 567 2099 conservavit.
593 2057 746 2114 Itaque
777 2054 1037 2114 praedicabat
1073 2054 1220 2097 mirari
1258 2069 1325 2105 se,
1349 2069 1434 2094 non

71 2134 377 2195 sacrilegorum
407 2151 589 2178 numero
617 2134 768 2177 haberi
793 2135 868 2193 qui
897 2133 1164 2194 supplicibus
1184 2149 1335 2176 eorum
1359 2148 1437 2174 no-

70 2214 283 2268 cuissent,
311 2224 387 2257 aut
413 2231 500 2257 non
541 2214 812 2275 gravioribus
852 2215 986 2273 poenis
1015 2213 1146 2267 affici,
1170 2213 1245 2272 qui
1269 2210 1437 2272 religio-

70 2311 169 2338 nem
193 2294 458 2349 minuerent,
482 2309 612 2352 quam
636 2294 710 2352 qui
735 2293 832 2336 fana
854 2293 1102 2353 spoliarent.

133 2375 187 2417 V.
207 2375 312 2416 Post
335 2371 536 2433 proelium
561 2371 765 2415 collatum
791 2381 852 2415 est
873 2389 1000 2415 omne
1023 2371 1185 2414 bellum
1212 2372 1325 2414 circa
1351 2371 1438 2413 Co-

72 2454 287 2508 rinthum,
320 2451 502 2511 ideoque
525 2452 803 2495 Corinthium
821 2461 885 2494 est
899 2450 1177 2511 appellatum.
1201 2451 1283 2493 Hic
1303 2465 1437 2509 quum

74 2551 158 2578 una
182 2550 328 2595 pugna
352 2532 502 2576 decem
536 2530 671 2574 millia
699 2531 911 2584 hostium,
933 2529 1134 2590 Agesilao
1164 2529 1291 2584 duce,
1327 2530 1436 2571 ceci-

76 2614 258 2665 dissent,
281 2628 418 2672 eoque
438 2611 552 2654 facto
576 2628 678 2670 opes
703 2610 1046 2653 adversariorum
1070 2607 1302 2651 debilitatae
1322 2607 1437 2650 vide-
