1859 3310
634 274 1042 311 OBSERVATIONES
1457 289 1469 309 1
1479 289 1524 323 97

211 358 317 394 Tales
336 360 408 394 loci
430 367 514 394 sunt
535 374 542 393 :

208 420 384 455 Themist.
412 434 462 459 ιν,
487 433 508 455 2
529 433 536 454 :
561 419 660 465 cujus
671 418 806 465 sama,
832 420 928 455 Edit.
956 422 993 454 P.
1019 427 1054 455 et
1078 419 1311 466 B.flamma,
1337 419 1376 453 C.
1397 420 1465 453 Th.

208 483 362 516 Pausan.
386 495 444 525 1v,
473 494 487 516 1
511 494 518 514 :
543 481 689 515 vincula
712 481 876 527 epistolae
900 482 1089 525 laceravit,
1112 482 1153 516 E.
1175 482 1215 515 Β.
1237 481 1394 523 laxavit,
1422 481 1462 514 E.
1491 482 1529 514 P.

154 555 185 578 c.
206 543 276 578 Th.

207 604 328 639 Alcib.
349 617 400 647 11,
428 617 443 638 1
467 617 476 638 ε
495 605 629 639 Graecae
650 603 783 651 linguae
809 604 1022 651 eloquentia
1045 604 1283 647 ditissimum,
1304 605 1344 639 E.
1359 605 1398 638 B.
1418 604 1534 638 diser-

154 665 345 708 tissimum,
371 666 412 701 E.
436 668 475 701 P.
499 672 535 702 et
559 678 588 701 c.
611 666 680 701 Th.

206 727 325 773 Iphic.
348 740 397 771 11,
428 726 449 763 5
473 741 481 762 :
505 728 775 775 Epaminondae
800 729 1003 765 retardavit
1028 729 1210 777 inceptus,
1236 729 1277 764 E.
1297 730 1336 764 B.
1361 729 1533 777 impetus,

154 791 195 826 E.
218 790 257 825 P.
277 795 312 824 et
334 801 365 825 c.
384 789 454 825 Th.

207 852 387 888 Concedo
426 852 604 889 lectiones
638 865 728 901 quas
752 852 882 888 Bosius
910 852 1050 899 recepit
1078 863 1187 899 posse
1207 851 1376 895 defendi,
1398 850 1535 885 muniri

155 913 266 949 ctiam
299 913 468 949 codicum
504 916 750 962 quorumdam
781 914 1014 959 auctoritate,
1041 913 1106 948 sed
1130 913 1242 948 credo
1270 926 1330 947 eas
1362 925 1451 960 quas
1476 920 1536 948 te-

155 989 270 1012 nuere
294 976 409 1012 editio
441 977 613 1026 princeps
644 984 697 1022 et,
720 984 851 1024 praeter
873 976 982 1020 alios,
1006 975 1125 1010 codex
1150 974 1388 1018 Thottianus,
1420 973 1538 1021 magis

157 1049 234 1072 esse
255 1037 481 1084 probabiles.

207 1099 302 1133 Milt.
315 1112 349 1143 v,
371 1100 391 1134 3
404 1127 413 1143 ,
433 1099 584 1146 legitur,
602 1099 694 1135 utin
711 1098 876 1134 editione
895 1097 1052 1133 Bosiana
1064 1125 1073 1142 ,
1087 1097 1138 1133 sic
1159 1097 1270 1132 etiam
1288 1096 1327 1131 in
1347 1096 1404 1132 ed.
1419 1096 1537 1144 princ.

157 1166 193 1195 et
223 1160 353 1196 codice
378 1161 608 1196 Thottiano:
634 1162 832 1207 «Namque
855 1159 1007 1194 arbores
1028 1158 1151 1194 multis
1174 1158 1265 1194 locis
1285 1165 1390 1193 erant
1416 1171 1538 1201 raroe,

155 1222 228 1256 hoc
262 1222 440 1266 consilio,
465 1229 505 1257 ut
539 1229 575 1258 et
604 1222 789 1257 montium
822 1228 1034 1268 tegerentur
1066 1219 1279 1264 altitudine,
1306 1226 1342 1254 et
1364 1220 1539 1255 arborum

156 1289 275 1318 tractu
297 1283 480 1330 equitatus
499 1284 661 1319 hostium
680 1282 934 1330 impediretur.
952 1298 967 1313 ³>
986 1281 1165 1317 Eamdem
1185 1281 1383 1316 lectionem
1403 1281 1541 1328 recepit

157 1352 193 1380 et
212 1344 307 1380 tueri
325 1345 474 1380 videtur
492 1345 708 1380 Lambinus.
728 1344 979 1380 Nihilominus
1001 1356 1083 1378 cum
1104 1343 1274 1378 Harlesio
1295 1350 1330 1378 et
1349 1342 1429 1378 aliis
1448 1355 1541 1390 prae-

157 1405 350 1441 ferendum
375 1407 486 1442 credo
516 1420 594 1442 esse
625 1420 632 1441 ι
661 1407 823 1441 Arbores
850 1405 974 1440 multis
996 1405 1086 1440 locis
1117 1411 1222 1439 erant
1248 1412 1396 1447 stratoe,
1431 1417 1538 1451 quarn

156 1479 288 1502 vocem
311 1468 450 1515 expetit
471 1475 506 1503 et
529 1468 607 1515 ipse
621 1481 762 1513 sensus,
776 1475 811 1503 et
833 1467 872 1503 id
887 1466 988 1514 quod
1005 1465 1169 1513 sequitur
1189 1479 1196 1500 :
1218 1466 1404 1501 Arborum
1424 1472 1542 1500 tractu

157 1528 341 1575 equitatus
370 1529 533 1565 hostium
568 1530 821 1578 impediretur.
854 1531 990 1576 Aperte
1021 1527 1121 1563 enim
1151 1527 1316 1574 loquitur
1335 1534 1462 1562 auctor
1495 1526 1541 1562 de

157 1590 335 1634 consilio,
367 1591 471 1638 quod
497 1598 550 1627 est
584 1592 623 1626 in
652 1604 693 1627 re
722 1591 875 1626 militari
900 1588 1198 1633 usitatissimum,
1218 1596 1254 1623 et
1280 1588 1383 1636 quod
1407 1588 1542 1624 nostris

157 1650 292 1687 dicitur
318 1652 356 1685 V
349 1652 496 1688 erhack.

208 1714 328 1749 Locus
354 1722 507 1751 vexatus
537 1715 576 1750 in
604 1716 677 1752 vita
706 1716 834 1761 Attici,
863 1728 946 1760 x11,
975 1715 1019 1759 3,
1048 1721 1088 1749 ut
1113 1727 1158 1750 ex
1186 1713 1351 1749 editione
1382 1712 1539 1747 Bosiana

158 1774 279 1810 editur
298 1789 306 1810 z
337 1777 463 1812 «Nam
487 1790 597 1824 quum
622 1779 663 1813 L.
685 1778 839 1822 Saufeii,
862 1776 994 1824 equitis
1018 1776 1185 1820 romani,
1214 1774 1361 1822 aequalis
1384 1774 1458 1818 sui,
1480 1773 1543 1820 qui

158 1849 241 1872 cum
270 1850 315 1873 eo
340 1840 553 1886 complures
575 1852 712 1884 annos,
737 1839 860 1875 studio
881 1839 1011 1874 ductus
1037 1837 1303 1885 philosophiae,
1327 1835 1542 1879 habitabat,

158 1898 394 1946 habebatque
422 1900 462 1934 in
483 1901 591 1936 Italia
620 1901 802 1948 pretiosas
825 1900 1096 1947 possessione5‚
1118 1914 1133 1929 »
1157 1898 1351 1945 explicitus
1375 1897 1543 1932 redditur

159 1960 319 1996 lectione
345 1962 593 1997 Lambiniana
613 1976 620 1996 :
641 1962 715 2006 Qui
734 1962 943 2009 complures
966 1973 1103 2004 annos,
1126 1959 1249 1995 studio
1274 1959 1402 1994 ductus
1421 1958 1543 2006 philo-

159 2022 317 2070 sophiae,
335 2024 493 2059 Athenis
511 2024 714 2058 habitabat.
736 2023 955 2058 Notandum
974 2022 1073 2057 enim
1093 2029 1166 2065 est,
1185 2033 1295 2056 voces
1316 2033 1397 2054 cum
1420 2032 1462 2054 eo
1483 2026 1544 2054 aut

159 2097 202 2119 eo
220 2097 298 2120 non
318 2084 480 2120 inveniri
498 2085 537 2120 in
557 2085 748 2120 codicibus
771 2084 973 2131 primisque
992 2083 1195 2130 impressis,
1209 2082 1274 2117 sed
1287 2081 1447 2128 adjectas
1467 2093 1544 2116 esse

161 2159 180 2181 e
208 2146 438 2192 conjectura,
466 2154 506 2181 ut
536 2146 697 2194 aliquem
720 2159 866 2181 sensum
888 2146 1117 2193 praeberent,
1134 2145 1250 2179 relata
1270 2143 1318 2178 ad
1341 2142 1542 2177 habitabat.

160 2208 235 2243 Sed
256 2209 368 2255 longe
387 2208 522 2243 clarior
542 2215 595 2244 est
614 2221 759 2252 sensus,
773 2208 912 2243 omisso
932 2221 1012 2242 cum
1025 2220 1085 2250 eo,
1107 2206 1252 2253 adjecto
1272 2205 1438 2240 Athenis.
1458 2205 1543 2239 Non

162 2269 231 2304 niti
249 2269 345 2304 hanc
363 2270 565 2304 lectionem
589 2270 793 2304 mutatione
814 2282 860 2304 ex
880 2269 1038 2304 arbitrio
1056 2267 1231 2303 Lambini
1253 2267 1345 2302 facta
1357 2294 1367 2311 ,
1386 2266 1451 2301 sed
1468 2265 1543 2301 fide

162 2331 301 2366 codicis
315 2330 476 2377 antiqui,
490 2330 616 2366 docuit
634 2332 667 2365 J.
683 2332 722 2365 F.
742 2331 993 2377 Heusingerus
1012 2330 1050 2364 in
1069 2329 1348 2373 dissertatione,
1367 2340 1447 2375 quae
1466 2327 1544 2363 edi—

161 2392 255 2428 tioni
284 2392 527 2427 Fischerianae
560 2392 701 2438 adjecta
729 2399 794 2427 est.
820 2391 927 2439 Legit
958 2391 1057 2425 enim
1085 2391 1135 2425 ita
1155 2389 1270 2425 editio
1297 2389 1540 2433 Cornen’ana,

161 2453 261 2500 cujus
283 2466 393 2501 supra
410 2453 640 2489 mentionem
663 2453 745 2489 feci.

213 2516 318 2550 VIII.
351 2516 415 2550 Est
444 2515 537 2550 boni
567 2515 891 2560 commentatoris,
919 2515 1118 2551 observare
1144 2516 1245 2550 locos
1271 2521 1480 2557 auctorum,
1504 2513 1541 2548 in

164 2578 296 2625 quibus
323 2578 380 2613 usi
413 2585 497 2613 sunt
518 2591 610 2613 voce
642 2578 821 2625 quadam,
847 2577 1119 2625 significatione
1143 2576 1320 2624 peculiari
1342 2583 1403 2611 aut
1423 2575 1543 2610 minus

164 2641 281 2675 solita.
301 2642 396 2675 Tum
420 2640 519 2676 enim
540 2640 749 2675 eruditione
775 2653 835 2675 sua
860 2653 969 2687 opem
993 2640 1088 2675 ferre
1109 2639 1221 2674 debet
1240 2637 1387 2681 lectori,
1408 2649 1486 2671 non
1505 2644 1543 2670 ut

165 2702 245 2750 lieri
270 2703 363 2738 solet
386 2703 423 2736 in
450 2702 521 2737 illis
550 2702 658 2747 locis,
679 2715 770 2750 quos
796 2710 919 2737 mente
944 2702 991 2737 ad
1014 2714 1091 2736 rem
1114 2707 1251 2737 attenta
1280 2708 1315 2735 ct
1335 2698 1544 2735 evolvendo
