1859 3310
362 303 791 319 ιΡΑΜΜ-Νἱὶνννὶυυννῑνννὶνιῐ
795 305 853 317 m
857 306 946 318 υνυνικ
951 307 1041 319 νινννι
1045 304 1101 316 *xm
1106 305 1229 318 mmmm
1237 303 1474 318 Λνινννιὶῶῶννννὶ
1480 303 1664 316 ιωνινυιννν
1669 305 1690 316 ιη
1694 305 1708 317 κ
1713 305 1719 315 1

975 498 1102 540 XXI.

721 711 844 776 DE
899 710 1354 777 REGIBUS.

357 1129 457 1211 HI
486 1165 571 1209 fere
596 1164 772 1209 fuerunt
799 1165 974 1211 Graeeiae
999 1165 1137 1225 gentis
1163 1164 1312 1221 duceS,
1333 1165 1406 1224 qui
1432 1165 1638 1209 memoria
1662 1165 1727 1209 di-

353 1246 427 1304 gni
452 1245 726 1300 videbantur,
748 1254 902 1305 praeter
922 1260 1061 1288 REGES
1082 1261 1090 1287 :
1114 1261 1300 1304 namque
1320 1260 1391 1287 eos
1416 1245 1628 1305 attingere
1651 1262 1729 1288 no-

353 1322 531 1380 luimus,
558 1323 675 1383 quod
703 1324 897 1366 omnium
925 1340 990 1366 res
1020 1332 1147 1383 gestae
1175 1324 1403 1383 separatim
1435 1334 1537 1367 sunt
1568 1323 1724 1367 relatae.

353 1403 505 1462 Neque
539 1412 682 1445 tamen
720 1403 763 1445 hi
798 1401 1032 1445 admodum
1069 1411 1170 1444 sunt
1199 1401 1339 1444 multi.
1376 1403 1726 1446 Lacedaemonius

353 1491 496 1525 autem
529 1480 770 1542 Agesilaus,
800 1483 993 1537 nomine,
1023 1498 1111 1524 non
1145 1491 1356 1541 potestate
1385 1481 1467 1524 fuit
1496 1499 1588 1538 rex3
1617 1483 1726 1525 sicut

354 1562 481 1604 ceteri
503 1562 716 1622 Spartani.
744 1563 807 1604 Ex
827 1561 894 1603 his
920 1577 1041 1616 vero,
1067 1561 1139 1620 qui
1165 1560 1433 1603 dominatum
1460 1561 1638 1621 imperio
1664 1571 1725 1604 te-

355 1650 565 1695 nuerunt,
587 1637 927 1683 excellentissimi
949 1639 1144 1694 fuerunt,
1172 1649 1217 1682 ut
1237 1656 1315 1682 nos
1335 1640 1601 1698 judicamus,
1628 1642 1728 1683 Per-

354 1735 497 1761 sarum
525 1721 684 1778 Cyrus,
711 1729 752 1762 et
780 1720 939 1763 Darius
967 1719 1190 1778 Hystaspis
1222 1717 1333 1761 filius
1361 1735 1368 1760 :
1398 1736 1583 1778 quorum
1611 1729 1728 1761 uter-

353 1814 437 1857 que
472 1799 666 1858 privatus
698 1800 855 1841 virtute
892 1814 1073 1858 regnum
1102 1807 1165 1839 est
1197 1797 1390 1857 adeptus.
1420 1799 1544 1840 Prior
1572 1797 1727 1840 horum

353 1877 470 1937 apud
490 1879 753 1937 Massagetas
775 1878 815 1919 in
838 1876 988 1937 proelio
1008 1876 1179 1931 cecidit,
1200 1877 1360 1920 Darius
1381 1886 1598 1919 senectute
1617 1875 1727 1918 diem

354 1957 461 1999 obiit
496 1973 758 2016 supremum.
796 1958 900 1999 Tres
937 1965 1039 1998 sunt
1075 1965 1279 2015 praeterea
1314 1954 1503 2013 ejusdem
1540 1956 1729 2014 generis,

355 2037 538 2089 Xerxes,
561 2045 602 2077 et,
623 2035 709 2078 duo
728 2038 1001 2089 Artaxerxes,
1021 2034 1270 2077 Macrochir
1289 2044 1331 2076 et
1349 2036 1571 2076 Mnemon.
1595 2035 1729 2077 Xerxi

355 2114 537 2157 maxime
557 2124 620 2157 est
641 2113 824 2168 illustre,
846 2113 962 2172 quod
988 2113 1182 2155 maximis
1204 2122 1299 2172 post
1321 2113 1546 2156 hominum
1572 2129 1731 2157 memo-

355 2194 461 2236 riam
483 2194 739 2236 exercitibus
760 2204 874 2236 terra
899 2193 1091 2251 marique
1115 2190 1275 2234 bellum
1297 2192 1443 2235 intulit
1464 2194 1652 2237 Graeciae.
1675 2196 1731 2237 At

355 2273 602 2316 Macrochir
624 2274 882 2333 praecipuam
904 2272 1033 2315 habet
1055 2271 1225 2315 laudem
1246 2271 1515 2332 amplissimae
1534 2271 1732 2332 pulcher-

356 2353 559 2412 rimaeque
594 2353 786 2412 corporis
816 2351 984 2407 formae,
1016 2368 1144 2410 quam
1175 2351 1413 2394 incredibili
1445 2353 1614 2394 ornavit
1645 2352 1731 2393 vir—

358 2441 449 2474 tute
478 2430 576 2474 belli
606 2448 614 2473 :
646 2447 831 2490 namque
858 2429 929 2473 illo
960 2433 1109 2473 Perses
1136 2447 1262 2473 nemo
1293 2430 1373 2472 fuit
1401 2447 1531 2472 manu
1563 2429 1728 2472 fortior.

357 2512 566 2554 Mnemon
588 2520 730 2553 autem
752 2510 927 2568 justitiae
952 2509 1064 2551 fama
1088 2509 1235 2551 floruit
1262 2525 1270 2550 :
1301 2525 1397 2550 nam
1423 2525 1556 2567 quum
1583 2509 1730 2550 matris

358 2605 444 2631 suae
465 2588 620 2631 scelere
646 2589 852 2631 amisisset
877 2603 1075 2641 uxorem,
1104 2596 1273 2629 tantum
1301 2585 1477 2628 indulsit
1498 2585 1656 2641 dolori,
1683 2596 1731 2628 ut.

360 2683 456 2710 eum
486 2668 620 2727 pietas
651 2667 850 2709 vinceret.
882 2668 943 2708 lix
972 2665 1037 2707 liis
1067 2665 1153 2706 duo
1181 2664 1328 2706 eodem
1358 2665 1549 2719 nomine,
1578 2664 1731 2707 morbo
