1859 3310
357 209 404 244 30
799 210 1029 244 CORNELII
1060 210 1265 244 NEPOTIS

354 310 499 337 rerum
523 295 823 336 committeret.
855 296 1017 335 llorum
1045 293 1085 335 in
1112 310 1338 336 numerum
1365 310 1489 336 nemo
1513 293 1711 338 admitte-

355 372 500 428 batur,
516 373 596 415 nisi
619 374 691 431 qui
714 382 787 415 aut
803 372 893 431 ejus
915 372 1101 431 hospitio
1118 374 1430 429 contineretur,
1447 383 1520 416 aut
1544 390 1587 416 se
1602 373 1714 417 illins

355 451 443 495 fore
471 452 694 511 proprium
719 450 800 492 fide
821 450 1110 493 confirmaret.

416 534 470 574 ΙΙ.
496 533 562 574 Ita
585 527 861 572 decemvirali
886 538 1095 588 potestate
1118 530 1162 573 in
1184 533 1385 574 omnibus
1408 532 1586 575 urbibus
1613 548 1713 575 con-

323 638 328 643 ·
353 612 526 664 stitnta,
550 610 682 668 ipsius
706 617 815 651 nutu
837 609 981 651 omnia
1006 609 1280 668 gerebantur.
1306 610 1440 670 Cujus
1460 610 1512 654 de
1529 610 1714 656 crudeli-

353 699 438 733 tate
461 705 509 732 ac
528 687 708 748 perfidia
734 688 834 730 satis
857 696 919 730 est
942 703 1072 731 unam
1097 705 1210 742 rem,
1225 689 1409 750 exempli
1434 692 1590 750 gratia,
1610 708 1711 751 pro-

352 768 481 823 ferre,
506 783 578 822 ne,
600 766 652 810 de
673 766 823 809 eodem
844 765 970 826 plura
991 767 1309 824 enumerando,
1328 768 1608 829 defatigemus
1631 769 1712 813 lec-

353 857 478 890 tores.
504 846 659 889 Victor
696 861 747 888 ex
782 846 886 889 Asia
918 862 1052 904 quum
1093 842 1405 903 reverteretur,
1436 849 1711 909 Thasumque

350 926 623 980 devertisset;
657 924 775 985 quod
808 941 856 968 ea
892 925 1042 968 civitas
1071 925 1287 985 praecipua
1322 925 1404 969 fide
1437 926 1576 971 fuerat
1613 944 1711 988 erga

348 1006 657 1061 Athenienses,
681 1003 863 1065 proinde
883 1020 933 1047 ac
954 1005 988 1047 si
1008 1004 1137 1047 iidem
1166 1004 1399 1048 firmissimi
1423 1005 1610 1050 solerent
1625 1023 1714 1051 esse

348 1085 495 1140 amici,
526 1085 601 1144 qui
634 1093 880 1128 constantes
914 1083 1096 1128 fuissent
1129 1084 1315 1140 inimici,
1340 1101 1433 1128 eam
1467 1096 1714 1146 pervertere

349 1165 614 1225 concupivit.
638 1164 761 1208 Vidit
790 1173 956 1220 autem,
982 1164 1063 1207 nisi
1093 1165 1136 1207 in
1163 1180 1214 1207 eo
1237 1163 1494 1209 occultasset
1517 1165 1715 1211 volunta-

350 1254 456 1299 tem,
484 1244 707 1300 futurum,
748 1254 795 1287 ut
829 1244 976 1288 Thasii
1005 1242 1321 1301 dilaberentur,
1352 1245 1714 1308 consulerentque

347 1323 474 1366 rebus
499 1324 599 1366 suis.
623 1326 776 1383 Itaque
780 1357 876 1367 .....

410 1405 487 1446 III.
504 1401 850 1447 Decemviralem
873 1419 996 1447 suam
1019 1413 1277 1464 potestatem
1297 1406 1363 1448 sui
1387 1405 1440 1448 ab
1462 1404 1537 1449 illo
1559 1408 1715 1450 consti-

347 1492 484 1526 tutam
517 1482 801 1527 sustulerunt.
843 1484 946 1540 Quo
978 1483 1127 1527 dolore
1161 1485 1381 1541 incensus,
1411 1486 1506 1528 iniit
1534 1485 1714 1529 consilia

346 1578 467 1624 reges
488 1562 921 1607 Lacedaemoniorum
948 1562 1126 1620 tollere3
1152 1563 1225 1608 sed
1249 1564 1460 1608 sentiebat
1489 1565 1533 1608 id
1556 1581 1601 1609 se
1621 1566 1712 1609 sine

345 1659 428 1703 ope
446 1645 643 1688 Deorum
658 1643 800 1687 facere
821 1660 908 1687 non
933 1659 1074 1703 posse,
1098 1643 1216 1703 quod
1231 1643 1545 1687 Lacedaemonii
1569 1647 1714 1688 omnia

346 1722 400 1766 ad
423 1721 599 1766 oracula
628 1723 789 1766 referre
819 1732 1147 1766 consueverant.
1174 1723 1370 1766 Primum
1400 1722 1595 1784 Delphos
1618 1740 1714 1767 cor-

345 1818 547 1862 rumpere
567 1812 631 1845 est
655 1811 847 1845 conatus.
874 1803 1026 1859 Quum
1051 1801 1095 1844 id
1116 1818 1203 1845 non
1226 1803 1454 1862 potuisset,
1480 1802 1711 1846 Dodonam

344 1881 521 1925 adortus
549 1891 626 1925 est.
652 1881 763 1925 Hinc
791 1897 964 1941 quoque
989 1880 1211 1941 repulsus,
1243 1881 1352 1925 dixit
1378 1898 1422 1925 se
1446 1892 1548 1926 vota
1575 1899 1714 1926 susce-

345 1961 481 2020 pisse,
505 1977 600 2020 quae
627 1961 724 2003 Jovi
751 1962 956 2004 Ammoni
989 1959 1200 2017 solveret,
1232 1961 1479 2005 existimans
1512 1978 1555 2005 se
1586 1962 1712 2006 Afros

343 2038 509 2082 facilius
542 2049 867 2099 corrupturum.
907 2042 998 2084 Hac
1022 2057 1096 2100 spe
1131 2056 1265 2100 quum
1295 2040 1513 2100 profectus
1538 2050 1647 2085 esset
1666 2042 1711 2085 in

342 2117 553 2173 Africam,
576 2117 765 2162 multum
795 2135 894 2161 eum
917 2120 1134 2163 antistites
1160 2121 1278 2163 Jovis
1306 2119 1565 2164 fefellerunt.
1595 2122 1709 2166 Nam

343 2214 432 2249 non
463 2197 601 2242 solum
629 2199 851 2259 corrumpi
879 2215 967 2242 non
992 2208 1258 2260 potuerunt;
1287 2199 1361 2243 sed
1386 2201 1517 2244 etiam
1545 2199 1710 2261 legatos

339 2277 654 2322 Lacedaemona
668 2278 899 2334 miserunt,
921 2279 995 2338 qui
1017 2278 1288 2338 Lysandrum
1305 2290 1579 2337 accusarent,
1592 2281 1706 2341 quod

343 2357 584 2401 sacerdotes
612 2357 699 2401 fani
724 2374 1004 2418 corrumpere
1026 2367 1206 2402 conatus
1229 2369 1352 2403 esset.
1368 2361 1610 2404 Accusatus
1628 2360 1709 2403 hoc

342 2437 542 2494 crimine,
564 2437 849 2498 judicumque
877 2436 1103 2482 absolutus
1126 2440 1368 2496 sententiis,
1401 2439 1707 2483 Orchomeniis

345 2517 497 2560 missus
518 2518 731 2574 subsidio,
756 2519 925 2562 occisus
950 2528 1012 2562 est
1030 2535 1054 2561 a
1071 2519 1287 2562 Thebanis
1306 2518 1422 2579 apud
1445 2517 1704 2561 Haliartum.

343 2595 489 2651 Quam
514 2613 614 2641 vere
650 2598 701 2640 de
735 2615 785 2640 co
819 2598 928 2641 foret
958 2598 1222 2658 judicatum,
1250 2599 1389 2641 oratio
1421 2597 1581 2641 indicio
1607 2597 1704 2653 fuit,
