1859 3310
349 195 395 232 [10
794 190 1022 224 CORNELII
1054 188 1261 223 NEPOTIS

342 272 526 317 didisset.
556 274 655 317 Non
686 271 782 316 tulit
811 273 894 316 hoc
919 283 1132 333 satrapes,
1157 283 1200 316 et
1222 270 1385 315 violare
1410 269 1704 325 clementiam,

343 368 468 411 quam
489 352 601 413 regis
616 368 719 412 opes
740 352 900 407 minui,
918 351 1084 395 maluit.
1103 353 1257 411 Itaque
1278 350 1396 394 misit
1410 348 1705 410 Sysamithren

338 440 378 474 et
400 434 591 491 Bagoam
615 430 668 474 ad
697 430 970 474 Alcibiadem
994 429 1364 486 interficiendum,
1387 445 1522 490 quum
1544 426 1616 471 ille
1644 443 1709 470 es*

339 520 400 554 set
421 512 466 554 in
486 510 693 570 Phrygia,
712 510 881 569 iterque
902 509 957 553 ad
978 526 1124 570 regem
1141 519 1427 570 compararet.
1448 508 1573 552 Missi
1595 506 1707 553 clam

338 589 568 644 vicinitati,
585 590 629 631 in
646 604 731 648 qua
754 597 846 631 tum
870 586 1114 632 Alcibiades
1136 598 1248 645 erat,
1269 589 1375 632 dant
1403 588 1630 649 negotium
1661 595 1710 629 ut

338 684 437 711 eum
461 666 738 710 interficiant.
766 665 859 723 Illi,
883 683 1019 727 quum
1051 684 1149 711 eum
1175 667 1293 712 ferro
1317 667 1495 729 aggredi
1521 681 1611 711 non
1633 682 1709 710 au-

337 746 514 803 derent,
530 755 664 789 noctu
684 744 802 806 ligna
823 745 1106 791 contulerunt
1127 747 1244 791 circa
1273 763 1417 790 casam
1439 762 1535 790 eam
1562 746 1606 789 in
1625 762 1714 806 qua

336 825 604 884 quiescebat,
639 842 822 886 eamque
851 826 1193 881 succenderunt;
1229 835 1278 869 ut
1302 825 1504 869 incendio
1527 825 1713 869 confice-

336 913 452 959 rent,
475 921 605 964 quem
628 921 760 949 manu
782 907 978 966 superari
1003 922 1129 966 posse
1149 904 1419 948 diffidebant.
1444 903 1524 947 Ille
1546 914 1713 959 autem,

339 993 387 1027 ut
409 985 555 1028 sonitu
577 983 763 1029 flammae
783 995 847 1029 est
866 986 1079 1029 excitatus
1095 1021 1106 1040 ,
1124 984 1243 1046 quod
1258 984 1425 1046 gladius
1440 985 1479 1027 ei
1503 994 1597 1028 erat
1616 983 1715 1027 sub-

338 1063 514 1120 ductus,
550 1063 776 1109 familiaris
801 1065 867 1110 sui
905 1064 1103 1109 subalare
1137 1064 1272 1109 telum
1303 1064 1477 1125 eripuit.
1513 1065 1715 1124 Namque

339 1153 432 1188 erat
455 1161 555 1188 cum
581 1162 632 1189 eo
655 1145 833 1205 quidam
868 1162 921 1188 ex
952 1144 1141 1189 Arcadia
1172 1145 1350 1205 hospes,
1381 1144 1456 1205 qui
1490 1159 1715 1203 nunquam

340 1224 561 1268 discedere
584 1224 794 1269 voluerat.
819 1227 948 1269 Hunc
973 1225 1095 1286 sequi
1120 1241 1164 1269 se
1187 1225 1332 1286 jubet,
1357 1234 1401 1268 et
1432 1223 1499 1281 id,
1528 1222 1646 1284 quod
1672 1223 1716 1266 in

340 1305 570 1364 praesentia
600 1305 964 1348 vestimentorum
998 1305 1101 1361 fuit,
1137 1305 1336 1366 arripuit.
1373 1306 1451 1348 His
1486 1304 1531 1347 in
1571 1304 1717 1364 ignem

339 1384 506 1444 ejectis,
521 1383 706 1428 flammae
722 1385 810 1428 vim
837 1385 1020 1428 transiit.
1040 1385 1187 1442 Quem
1205 1394 1253 1428 ut
1274 1384 1451 1428 barbari
1464 1383 1715 1427 incendium

338 1464 540 1526 effugisse
563 1465 732 1509 eminus
759 1464 982 1522 viderunt,
1005 1464 1100 1510 telis
1126 1465 1267 1510 missis
1291 1465 1624 1519 interfecerunt,
1647 1480 1717 1507 ca·-

339 1555 505 1606 putque
528 1546 621 1607 ejus
640 1546 695 1590 ad
713 1546 1047 1590 Pharnabazum
1065 1544 1323 1590 retulerunt.
1345 1548 1406 1590 At
1426 1543 1602 1601 mulier,
1624 1560 1718 1604 quae

339 1643 439 1669 cum
462 1642 513 1670 eo
537 1627 682 1670 vivere
705 1635 956 1683 consuerat,
982 1624 1184 1670 muliebri
1208 1642 1283 1669 sua
1304 1633 1422 1669 veste
1445 1634 1718 1681 contectum,

339 1705 508 1749 aedificii
532 1705 735 1750 incendio
757 1716 983 1750 mortuum
1009 1706 1242 1762 cremavit,
1264 1704 1382 1766 quod
1406 1704 1459 1748 ad
1481 1705 1632 1748 vivum
1655 1705 1720 1748 in-

340 1786 635 1830 terimendum
654 1796 747 1830 erat
766 1796 1082 1846 comparatum.
1109 1787 1179 1830 Sic
1194 1785 1443 1830 Alcibiades
1458 1819 1469 1841 ,
1485 1801 1620 1828 annos
1639 1785 1721 1828 cir-

341 1867 449 1910 citer
475 1865 767 1927 quadraginta
792 1875 940 1928 natus,
964 1865 1080 1909 diem
1103 1866 1214 1909 obiit
1236 1881 1504 1925 supremum.

405 1949 484 1991 XI.
504 1950 653 2001 Hunc,
672 1945 930 1989 infamatum
950 1962 974 1989 a
995 1944 1233 2006 plerisque,
1259 1955 1344 1989 tres
1367 1945 1613 2006 gravissimi
1635 1945 1722 1989 his-

343 2028 468 2071 torici
490 2028 672 2070 summis
693 2026 894 2070 laudibus
910 2024 1184 2071 extulerunt:
1201 2024 1498 2086 Thucydides,
1517 2025 1592 2084 qui
1614 2025 1722 2084 ejus-

343 2108 443 2150 dem
475 2107 612 2150 aetatis
647 2105 756 2160 fuit;
784 2106 1116 2166 Theopompus,
1139 2106 1215 2165 qui
1247 2104 1329 2148 fuit
1361 2115 1460 2165 post
1496 2102 1722 2165 aliquanto

344 2197 497 2242 natu33
534 2196 580 2231 et
615 2187 821 2242 Timaeus,
853 2186 929 2246 qui
969 2185 1146 2246 quidem
1179 2185 1267 2229 duo
1302 2184 1721 2239 maledicentissimi,

346 2269 490 2312 nescio
519 2284 605 2328 quo
639 2267 791 2322 modo,
819 2268 864 2310 in
898 2265 972 2310 illo
1007 2283 1097 2310 uno
1136 2265 1356 2310 laudando
1391 2275 1718 2310 consenserunt.

346 2351 460 2393 Nam
483 2365 555 2405 ea,
580 2365 676 2410 quae
700 2365 833 2409 supra
859 2347 1066 2401 diximus,
1091 2347 1144 2391 dc
1172 2364 1222 2391 eo
1250 2346 1564 2407 praedicarunt,
1589 2356 1721 2406 atque

347 2431 431 2473 hoc
450 2428 661 2490 amplius,
686 2445 822 2489 quum
840 2428 1042 2483 Athenis,
1063 2426 1411 2488 splendidissima
1425 2426 1616 2481 civitate,
1641 2443 1719 2469 na-

350 2521 418 2554 tus
435 2520 568 2566 esset,
589 2527 739 2553 omnes
763 2509 1047 2554 Athenienses
1067 2507 1297 2570 splendore
1319 2523 1369 2550 ac
1392 2505 1603 2567 dignitate
1624 2506 1719 2548 vitae

351 2606 598 2651 superassffi
621 2600 851 2651 postquam
876 2590 974 2634 inde
994 2589 1196 2650 expulsus
1216 2588 1384 2631 Thebas
1402 2587 1586 2642 venerit,
1612 2586 1719 2630 adeo
