1859 3310
698 188 964 224 HAMILCAR.
1446 202 1457 224 1
1472 202 1516 237 19

150 272 383 327 formosus,
402 269 664 326 Hasdrubal3
683 286 810 330 quem
827 268 1026 313 nonnulli
1044 268 1162 329 diligi
1177 271 1368 330 turpius,
1388 288 1518 330 quam

151 367 229 411 par
245 360 356 407 erat,
376 351 429 394 ab
449 348 712 405 Hamilcare,
734 347 1025 408 loquebantur
1047 365 1055 391 ε
1078 365 1166 392 non
1185 348 1299 391 enim
1324 348 1520 392 maledici

148 439 272 473 tanto
293 430 385 472 viro
404 429 546 472 deesse
566 437 780 488 poterant.
802 429 904 484 Quo
923 427 1083 470 factum
1103 437 1186 483 est,
1207 436 1257 470 ut
1275 443 1300 469 a
1320 426 1521 487 praefecto

151 524 322 550 morum
342 504 584 550 Hasdrubal
610 522 709 549 cum
733 522 783 549 eo
806 515 1020 549 vetaretur
1043 522 1145 549 esse.
1167 506 1280 549 Huic
1301 503 1370 548 ille
1390 503 1522 548 filiam

151 601 272 628 suam
291 585 335 628 in
363 585 686 628 matrimonium
719 584 856 641 dedit,
882 585 999 645 quod
1023 585 1216 629 moribus
1247 600 1399 628 eorum
1433 599 1521 626 non

150 672 320 724 poterat
346 663 543 707 interdici
579 680 726 707 socero
757 680 901 724 gener.
930 666 998 708 De
1024 664 1107 708 hoc
1136 663 1231 707 ideo
1258 662 1523 706 mentionem

149 741 347 799 fecimus,
373 742 509 802 quod,
538 741 781 786 Hamilcare
809 744 969 798 occiso,
997 741 1066 786 ille
1095 742 1299 786 exercitui
1330 740 1524 803 praefuit,

150 838 304 882 resque
322 838 499 882 magnas
520 822 667 882 gessit3
689 830 731 865 et
750 823 949 883 princeps
974 820 1201 882 largitione
1220 831 1412 864 vetustos
1433 836 1526 880 per-

151 902 280 945 vertit
298 917 438 944 mores
459 901 902 961 Carthaginiensium3
928 900 1205 960 ejusdemque
1224 909 1322 960 post
1341 909 1524 943 mortem

153 978 369 1023 Hannibal
395 980 448 1022 ab
468 981 656 1023 exercitu
683 981 846 1041 accepit
866 980 1108 1040 imperium.

216 1060 293 1102 IV.
317 1060 374 1102 At
399 1057 632 1113 Hamilcar,
653 1068 933 1119 posteaquam
956 1074 1074 1101 mare
1094 1058 1284 1113 transiit,
1307 1058 1351 1100 in
1374 1057 1528 1117 Hispa-

152 1137 354 1196 niamque
371 1137 508 1193 venit,
529 1153 706 1197 magnas
727 1153 793 1180 res
819 1137 1006 1180 secunda
1028 1138 1156 1197 gessit
1175 1136 1350 1180 fortuna
1373 1152 1381 1178 :
1400 1136 1530 1178 maxi-

152 1232 242 1259 mas
268 1214 694 1276 bellicosissimasque
720 1226 867 1276 gentes
895 1216 1065 1277 subegit
1088 1233 1096 1259 :
1124 1216 1265 1275 equis,
1291 1215 1441 1270 armis,
1467 1215 1529 1257 vi-

151 1294 232 1351 ris,
261 1295 463 1356 pecunia,
492 1304 628 1338 totam
659 1294 939 1356 locupletavit
969 1294 1170 1340 Africam.
1205 1295 1286 1338 Hic
1320 1310 1456 1353 quum
1485 1293 1528 1335 in

151 1372 320 1418 Italiam
367 1373 529 1418 bellum
570 1374 727 1418 inferre
768 1374 1051 1418 meditaretur
1067 1409 1078 1430 ,
1118 1391 1235 1418 nono
1278 1390 1394 1416 anno
1431 1381 1530 1433 post

152 1470 282 1514 quam
307 1454 351 1497 in
375 1454 628 1515 Hispaniam
652 1464 848 1509 venerat,
876 1455 919 1497 in
950 1452 1124 1515 proelio,
1152 1469 1352 1514 pugnans
1378 1451 1528 1495 adver-

153 1549 225 1576 sus
249 1534 479 1590 Vettones,
506 1534 672 1577 occisus
695 1543 771 1577 est.
799 1533 942 1593 Hujus
968 1542 1227 1594 perpetuum
1254 1532 1402 1575 odium
1428 1546 1529 1590 erga

152 1614 374 1656 Romanos
406 1614 591 1656 maxime
621 1614 858 1657 concitasse
892 1611 1064 1656 videtur
1099 1611 1337 1656 secundum
1368 1609 1530 1654 bellum

151 1691 387 1735 Poenicum.
415 1693 616 1752 Namque
643 1691 881 1748 Hannibal,
909 1691 1022 1735 filius
1051 1692 1164 1752 ejus,
1191 1690 1372 1734 assiduis
1395 1689 1529 1750 patris

152 1769 514 1815 obtestationibus
540 1788 590 1815 eo
615 1781 678 1815 est
704 1771 962 1832 perductus,
991 1781 1041 1815 ut
1066 1771 1262 1828 interire,
1286 1786 1417 1830 quam
1441 1770 1529 1812 Ro-

155 1866 305 1894 manos
331 1867 420 1894 non
443 1852 649 1912 experiri,
673 1850 831 1896 mallet.
