1859 3310
692 223 950 257 HANNIBAL.
1412 241 1478 277 ¹29

119 329 163 356 se
188 312 300 373 peti,
327 326 464 369 neque
487 309 564 351 sibi
587 307 750 350 diutius
772 307 902 349 vitam
924 321 1014 348 esse
1038 304 1321 347 retinendam.
1345 307 1488 362 Quam

118 409 173 436 ne
197 390 337 434 alieno
365 389 543 433 arbitrio
568 387 826 443 dimitteret,
852 403 1017 430 memor
1043 386 1322 446 pristinarum
1356 386 1491 428 virtu-

119 480 212 514 tum
225 504 237 525 ‚
261 484 495 524 venenum,
516 466 635 526 quod
655 483 823 527 semper
848 482 990 510 secum
1012 467 1170 510 habere
1190 476 1493 521 consueverat,

119 550 315 611 sumpsit.

180 631 302 672 XIII.
339 629 409 672 Sic
435 629 499 671 vir
524 628 803 684 fortissimus,
827 627 973 672 multis
997 629 1212 688 variisque
1241 626 1495 688 perfunctus

119 707 364 763 laboribus,
392 725 507 751 anno
534 709 750 768 acquievit
785 707 1114 769 septuagesimo.
1145 708 1317 764 Quibus
1344 723 1497 750 consu-

120 788 232 832 libus
258 789 496 844 interierit,
522 805 611 832 non
637 790 841 832 convenit
869 806 877 832 :
906 805 1092 848 namque
1122 789 1315 843 Atticus⁷
1346 789 1498 831 Marco

120 868 305 913 Claudio
329 868 559 925 Marcello,
585 870 639 927 Q.
667 869 799 912 Fabio
824 869 1026 912 Labeone
1052 884 1182 922 coss.‚
1207 877 1431 911 mortuum
1456 868 1497 909 in

121 948 266 992 annali
285 966 363 992 suo
382 949 591 1009 scriptum
608 948 801 1008 reliquit3
816 958 859 991 at
876 947 1095 1007 Polybius,
1109 949 1158 990 L.
1180 945 1351 990 AEmilio
1365 945 1500 990 Paulo

122 1040 164 1072 et
181 1031 260 1074 Cn.
282 1029 426 1072 Baebio
446 1028 695 1089 Tamphi103
715 1027 931 1088 Sulpicius
949 1038 1113 1081 autem,
1135 1029 1180 1069 P.
1202 1025 1405 1070 Cornelio
1424 1028 1502 1070 Ce-

124 1110 274 1169 thego,
308 1111 370 1153 M.
399 1109 542 1152 Baebio
572 1107 817 1169 Tamphilo.
850 1111 995 1167 Atque
1026 1108 1096 1150 hic
1122 1116 1268 1149 tantus
1295 1107 1381 1161 vir⁷
1409 1115 1504 1148 tan-

125 1190 265 1249 tisque
282 1187 402 1232 bellis
424 1188 644 1231 districtus
658 1222 669 1243 ‚
696 1187 896 1231 nonnihil
918 1188 1125 1248 temporis
1145 1187 1299 1229 tribuit
1318 1185 1471 1229 litteris
1495 1203 1503 1228 :

129 1284 314 1328 namque
333 1266 499 1328 aliquot
523 1267 614 1327 ejus
639 1266 738 1311 libri
759 1278 861 1311 sunt
875 1302 886 1323 ‚
913 1284 1053 1328 graeco
1079 1283 1276 1310 sermone
1297 1266 1504 1322 confecti3

128 1349 171 1393 in
195 1348 262 1391 his
287 1347 340 1391 ad
361 1347 555 1391 Rhodios
582 1347 634 1390 de
659 1349 738 1391 Cn.
766 1346 921 1390 Manlii
946 1345 1153 1389 Vulsonis
1180 1347 1223 1389 in
1249 1347 1349 1390 Asia
1376 1346 1505 1388 rebus

128 1428 270 1488 gestis.
291 1427 434 1487 Hujus
453 1426 565 1471 bella
585 1437 703 1486 gesta
719 1426 847 1470 multi
865 1427 1082 1470 memoriae
1099 1425 1387 1487 prodiderunt
1405 1442 1414 1468 :
1435 1425 1505 1468 sed

128 1523 179 1550 ex
195 1508 262 1550 his
282 1506 391 1563 duo,
412 1507 487 1567 qui
508 1524 607 1550 cum
627 1523 678 1550 eo
698 1507 742 1550 in
762 1508 912 1550 castris
933 1507 1130 1561 fuerunt,
1152 1504 1368 1565 simulque
1394 1506 1509 1548 vixe-

129 1597 233 1631 runt
247 1622 259 1643 ‚
279 1587 489 1647 quamdiu
509 1587 687 1631 fortuna
705 1604 831 1648 passa
850 1597 935 1642 est,
963 1586 1155 1643 Silenus,
1176 1597 1218 1630 et
1244 1586 1408 1630 Sosilus
1429 1589 1511 1630 La-

130 1667 431 1711 cedaemonius.
454 1670 597 1728 Atque
622 1668 706 1712 hoc
730 1667 869 1712 Sosilo
889 1667 1106 1711 Hannibal
1127 1667 1370 1711 litterarum
1403 1684 1511 1728 grae-

130 1764 280 1792 carum
306 1765 411 1792 usus
437 1758 501 1792 est
528 1748 719 1792 doctore.
748 1749 832 1793 Sed
857 1766 937 1792 nos
965 1758 1135 1809 tempus
1162 1758 1226 1791 est
1250 1748 1383 1807 hujus
1412 1747 1510 1791 libri

132 1827 270 1871 facere
296 1828 446 1884 finem⁷
468 1839 510 1872 et
535 1831 835 1872 Romanorum
861 1827 1075 1889 explicare
1103 1829 1402 1889 imperatores3
1425 1845 1513 1887 quo

132 1905 324 1964 facilius,
350 1906 516 1951 collatis
548 1918 836 1968 utrorumque
864 1908 1010 1963 factis,
1044 1909 1118 1967 qui
1152 1909 1231 1950 viri
1258 1908 1513 1968 praeferendi

134 1987 240 2044 sint,
269 1988 406 2048 possit
425 1987 626 2047 judicari.

1261 2702 1290 2745 9
