1859 3310
346 218 418 253 208
703 216 908 251 JOANNIS
937 216 1081 250 HENR.
1111 215 1366 251 SCHLEGEL

341 299 442 334 tione
465 311 562 343 mea,
590 312 670 346 quae
696 299 871 346 impressa
894 306 947 333 est
966 299 1063 345 apud
1088 299 1201 333 Henr.
1227 299 1456 345 Stephanum
1484 311 1584 333 anno
1611 298 1720 347 1592.

342 360 545 396 Consilium
565 360 742 395 Miltiadis
765 360 811 395 de
834 367 950 406 ponte
979 360 1016 394 in
1039 362 1135 395 Istro
1156 359 1309 395 flumine
1332 360 1572 394 dissolvendo
1599 372 1720 406 expo—-

339 423 438 457 nitur
456 423 504 456 ab
528 422 744 463 Herodoto,
768 422 790 455 l.
812 434 868 464 iv,
888 433 923 467 p.
956 420 1050 465 304,
1074 422 1137 456 ubi
1162 422 1332 456 videmus
1355 421 1565 456 Miltiadem
1593 433 1721 456 assen-

339 484 426 519 sisse
451 491 593 518 tantum
621 482 777 517 consilio
797 489 833 516 et
859 482 1031 528 petitioni
1056 484 1287 530 Scytharum.
1313 484 1587 518 Chersonesum
1606 483 1718 529 paulo

339 553 423 592 post
448 545 613 590 reliquit,
637 544 713 578 sive
739 543 789 578 ob
820 543 1047 577 incursiones
1071 544 1309 591 Scytharum,
1335 545 1431 587 sive,
1455 543 1556 590 quod
1575 543 1719 590 proba-

339 606 448 640 bilius
466 612 539 647 est,
559 605 609 639 ob
628 604 730 639 Darii
749 611 897 639 metum.
920 604 993 639 Sed
1011 611 1096 651 post
1114 605 1315 640 triennium
1329 606 1506 652 repetitus
1526 612 1579 639 est
1598 618 1619 640 a
1638 606 1719 639 Do-

339 667 477 709 loncis,
506 666 622 712 iisque
651 665 847 711 imperavit
874 664 993 699 adhuc
1018 666 1153 699 multos
1178 679 1244 712 per
1265 679 1384 701 annos
1410 679 1524 712 usque
1551 666 1599 701 ad
1626 666 1717 701 illud

338 735 479 774 tempus
506 739 580 773 quo
600 726 707 761 Ionia
726 726 860 761 iterum
883 726 952 760 sub
977 734 1197 773 potestatem
1216 727 1318 762 Darii
1342 728 1489 762 redacta
1509 734 1572 762 est.
1604 728 1719 762 Paulo

338 796 421 823 ante
446 791 623 823 Lemnum
649 800 844 834 occupasse
879 788 1041 831 videtur,
1068 801 1179 834 quam
1206 788 1362 823 insulam
1391 801 1469 822 non
1499 789 1626 831 Cares,
1654 789 1718 823 sed

337 851 490 898 Pelasgi
509 850 702 894 tenebant,
723 857 760 884 ut
774 850 986 884 Herodotus
1010 850 1154 897 prodit,
1179 850 1243 885 lib.
1264 863 1287 884 v
1304 863 1362 897 ,p.
1390 849 1486 892 338,
1511 857 1546 883 ct
1571 850 1634 884 lib.
1658 864 1693 885 w
1710 878 1718 891 ‚

337 925 361 959 p
396 911 481 954 433.
502 913 557 946 De
596 924 719 959 pugna
747 912 1011 954 Marathonia,
1039 911 1084 946 de
1108 911 1210 946 irrita
1236 911 1519 958 oppugnatione
1544 912 1657 954 Pari,
1683 919 1718 946 et

336 974 382 1009 de
409 974 588 1009 Miltiadis
616 973 848 1009 accusatione
873 981 908 1008 et
939 980 1059 1008 morte
1084 975 1198 1008 multa
1224 973 1419 1008 traduntur
1444 973 1543 1007 libro
1573 986 1611 1007 VI
1641 971 1717 1007 He—

334 1036 481 1080 rodoti,
510 1049 589 1083 quae
612 1037 723 1083 longe
750 1035 883 1070 absunt
908 1049 927 1070 a
952 1036 1117 1071 Cornelii
1140 1035 1366 1070 narratione.
1399 1035 1547 1070 Notabo
1575 1042 1716 1070 tantum

335 1098 381 1133 de
394 1110 516 1145 pugna
530 1098 781 1140 Marathonia,
795 1093 897 1145 quod
910 1098 983 1133 alio
998 1099 1082 1133 loco
1097 1098 1209 1133 tradit
1223 1098 1453 1141 Herodotus,
1468 1098 1490 1132 1.
1506 1110 1563 1142 1x,
1578 1110 1612 1144 p.
1630 1096 1716 1145 595,

334 1172 495 1207 pugnam
523 1160 735 1195 describens
762 1161 1009 1195 Plataeensem.
1039 1159 1239 1195 Contentio
1271 1160 1370 1195 enim
1402 1160 1469 1194 fuit
1502 1166 1586 1194 ante
1619 1160 1716 1193 hane

334 1233 495 1268 pugnam
518 1222 615 1256 inter
634 1221 877 1256 Athenienses
904 1228 939 1255 et
962 1222 1161 1267 Tegeates,
1188 1221 1268 1268 quis
1291 1222 1450 1269 populus
1477 1222 1630 1255 alterum
1655 1228 1714 1255 te—

332 1291 436 1318 neret
464 1296 591 1317 cornu.
620 1284 874 1330 Opponebant
905 1284 1107 1330 Tegeatum
1141 1284 1367 1330 argumentis
1391 1282 1652 1326 Athenienses,
1677 1294 1715 1317 se

333 1356 456 1391 pugna
474 1343 713 1378 Marathonia
738 1344 866 1378 vicisse
885 1356 976 1378 XLVI
1006 1343 1188 1378 nationes.
1209 1344 1269 1379 Ob
1288 1344 1396 1390 hujus
1420 1344 1474 1379 rei
1494 1344 1627 1378 famam
1649 1356 1715 1378 an-

332 1406 434 1440 telati
457 1412 542 1440 sunt
560 1405 822 1450 Athenienses,
843 1405 1096 1451 judicantibus
1120 1405 1422 1441 Lacedaemoniis.

383 1468 429 1502 V.
459 1468 504 1502 In
533 1467 609 1502 vita
644 1467 897 1502 Themztstoclis
921 1480 941 1502 a
965 1468 1141 1503 Cornelio
1174 1468 1357 1515 descripta
1391 1480 1468 1502 non
1503 1467 1644 1502 notabo
1672 1479 1714 1502 ea

333 1543 410 1577 quae
437 1530 498 1565 ille
532 1530 768 1577 pretermisit.
803 1531 918 1565 Decet
946 1530 1045 1566 enim
1073 1531 1343 1578 biographum,
1370 1530 1453 1578 qui,
1477 1537 1516 1565 ut
1537 1530 1616 1576 ipse
1643 1530 1713 1565 alia

332 1592 525 1627 occasione
538 1591 736 1639 profitetur
748 1619 757 1637 ,
771 1605 931 1627 summas
951 1599 1095 1626 tantum
1114 1605 1237 1627 rerum
1252 1592 1433 1640 attingere
1446 1591 1584 1635 voluit,
1598 1591 1712 1625 multa

329 1654 620 1702 praetermittere.
654 1655 709 1689 Eo
743 1654 904 1702 amplior
927 1654 1012 1698 fuit,
1036 1667 1081 1689 ex
1110 1654 1277 1689 instituto
1298 1667 1380 1698 suo,
1401 1654 1440 1688 in
1465 1652 1712 1688 Themistocle

329 1716 576 1751 describendo
604 1717 830 1751 Plutarchus.
853 1717 956 1751 Duos
980 1723 1124 1751 tantum
1150 1717 1252 1751 locos
1280 1716 1410 1763 selegi.
1429 1715 1467 1750 in
1487 1715 1620 1763 quibus
1648 1726 1711 1749 er-

330 1790 426 1813 rasse
448 1778 662 1813 Cornelium
687 1778 812 1814 credo.

380 1839 467 1887 Cap.
489 1853 544 1884 11,
573 1842 591 1884 §
620 1853 634 1874 1
669 1853 676 1874 :
704 1840 882 1874 «Primus
914 1847 1035 1875 autem
1066 1840 1200 1887 gradus
1228 1839 1294 1874 fuit
1322 1840 1554 1887 capessendae
1584 1840 1711 1887 reipu-

327 1901 432 1936 blicae
463 1902 564 1936 bello
598 1901 804 1948 Corcyroeo,
840 1909 876 1936 et
905 1904 924 1946 ἓ
953 1901 974 1937 3·
996 1915 1003 1936 :
1029 1901 1150 1937 Classe
1176 1902 1343 1937 celeriter
1375 1902 1521 1946 effecta,
1550 1902 1708 1949 primum

331 1962 539 2009 Corcyroeos
566 1963 685 2011 fregit.
709 1979 724 1994 »
755 1963 935 1999 Intestina
964 1964 1178 1998 Graecorum
1208 1963 1329 2011 bella,
1355 1976 1395 1999 ea
1424 1963 1602 2008 maxime,
1631 1977 1710 2010 qua}

327 2025 439 2070 paulo
463 2032 548 2060 ante
574 2032 609 2060 et
633 2032 719 2072 post
739 2036 903 2072 pugnam
926 2025 1200 2060 Marathoniam
1219 2025 1452 2069 acciderunt,
1468 2033 1542 2060 tam
1555 2026 1710 2060 solerter

327 2093 538 2120 enumerata
567 2093 650 2120 sunt
683 2086 731 2120 ab
760 2086 977 2129 Herodoto,
1000 2093 1039 2121 ut
1066 2093 1166 2121 certo
1197 2087 1427 2121 mentionem
1452 2086 1596 2121 fecisset
1620 2087 1709 2121 belli

326 2146 605 2181 Atheniensium
624 2147 799 2181 adversus
818 2147 1048 2194 Corcyraeos,
1066 2147 1096 2181 si
1118 2160 1280 2194 unquam
1305 2155 1449 2194 gestum
1472 2148 1607 2183 fuisset.
1634 2148 1708 2183 Sed

326 2207 419 2242 nihil
444 2209 516 2243 tale
542 2208 581 2243 in
604 2208 810 2243 Herodoto,
840 2209 1005 2256 Exponit
1027 2209 1150 2255 potius
1175 2209 1275 2244 idem
1303 2210 1560 2245 Themistoclis
1580 2210 1707 2245 consi—

325 2268 435 2312 lium,
461 2269 507 2304 de
527 2282 601 2316 quo
625 2270 787 2304 breviter
811 2269 1003 2305 Cornelius
1024 2284 1032 2304 :
1056 2287 1070 2302 «
1094 2272 1186 2305 Nam
1215 2284 1327 2317 quum
1354 2272 1508 2319 pecunia
1537 2272 1706 2319 publica,

325 2342 404 2376 quae
425 2343 470 2365 ex
489 2330 646 2365 metallis
671 2330 839 2375 redibat,
864 2331 1061 2378 largitione
1084 2332 1363 2379 magistratuum
1387 2334 1585 2380 quotannis
1606 2334 1704 2368 inte—

323 2391 432 2436 riret,
457 2392 519 2426 ille
541 2392 723 2439 persuasit
750 2394 911 2440 populo,
934 2401 973 2427 ut
992 2406 1034 2428 ea
1059 2394 1214 2440 pecunia
1235 2395 1360 2429 elassis
1385 2402 1533 2430 centum
1555 2395 1703 2430 navium

323 2451 577 2487 aedificaretur.
602 2469 616 2484 »
638 2453 703 2488 His
722 2454 867 2497 verbis,
886 2455 909 2489 l.
932 2468 1008 2499 vn,
1027 2468 1062 2502 p.
1092 2455 1166 2502 489
1187 2468 1194 2489 :
1217 2472 1230 2487 r<
1254 2458 1376 2499 Quum
1394 2468 1527 2503 magna
1553 2455 1608 2491 vis
1634 2469 1702 2503 pe—

323 2514 438 2548 cuniae
463 2527 482 2549 e
505 2522 690 2561 proventu
710 2516 962 2559 metallorum,
986 2529 1067 2563 quae
1089 2524 1172 2551 sunt
1200 2530 1219 2551 e
1246 2518 1411 2560 Lam-eo,
1439 2524 1531 2553 esset
1548 2517 1586 2551 in
1609 2530 1701 2552 aera-

323 2574 380 2608 rio
412 2576 711 2620 Atheniensium,
739 2590 857 2624 eaque
883 2586 975 2614 esset
1008 2591 1109 2626 aeque
1135 2579 1334 2613 dividenda
1362 2579 1516 2623 viritim,
1536 2579 1640 2614 denis
1664 2580 1701 2614 in

323 2636 485 2683 singulos
499 2637 658 2683 puberes
678 2638 878 2679 drachmis,
898 2647 983 2675 tune
997 2640 1262 2675 Themistocles
1282 2641 1376 2674 hanc
1395 2639 1564 2675 dissuasit
1583 2641 1702 2675 Athe-
