1859 3310
752 186 884 220 DION.
1461 189 1505 224 51

137 268 253 311 ribus
292 267 546 327 aliquandiu
585 265 787 310 simulata
832 267 946 309 inter
988 284 1059 311 eos
1100 268 1290 313 amicitia
1335 274 1505 314 mansit.

136 348 374 407 Quumque
399 348 516 391 Dion
541 362 629 389 non
651 344 873 389 desisteret
898 346 1127 390 obsecrare
1152 349 1432 407 Dionysium,
1460 360 1509 392 ut

136 426 361 471 Platonem
384 426 566 471 Athenis
591 435 846 480 arcesseret,
872 436 913 469 et
946 427 1036 485 ejus
1067 426 1255 469 consiliis
1289 437 1506 483 uteretur,

138 505 229 563 ille,
250 507 323 566 qui
344 507 388 549 in
409 505 554 564 aliqua
574 521 619 547 re
640 503 767 547 vellet
788 515 954 564 patrem
975 506 1155 560 imitari,
1177 522 1342 549 morem
1364 507 1401 549 ei
1423 523 1510 566 ges-

136 586 210 641 sit;
241 583 488 643 eodemque·
513 594 706 644 tempore
737 583 966 627 Philistum
996 585 1252 628 historicum
1277 587 1508 645 Syracusas

135 663 327 718 reduxit,
347 663 568 713 hominem
588 664 774 706 amicum
798 681 885 707 non
906 665 1042 724 magis
1068 674 1272 724 tyranno,
1295 682 1427 725 quam
1447 676 1511 725 ty-

136 742 322 787 rannidi.
350 742 434 787 Sed
454 742 506 786 de
525 743 608 786 hoc
633 744 676 786 in
699 760 750 786 eo
774 760 870 786 meo
892 742 1002 786 libro
1023 744 1149 804 plura
1170 754 1271 788 sunt
1295 746 1508 805 exposita,

136 824 211 883 qui
243 822 297 866 de
330 823 545 868 historicis
583 824 853 883 conscriptus
889 834 963 867 est.
998 823 1122 867 Plato
1159 834 1305 867 autem
1340 835 1508 868 tantum

135 902 252 963 apud
281 904 539 963 Dionysium
572 904 829 946 auctoritate
859 904 1021 963 potuit,
1054 902 1277 963 valuitque
1307 903 1510 963 eloquen-

138 985 220 1040 tia,
241 993 290 1027 ut
310 985 348 1027 ei
368 985 629 1044 persuaserit
650 983 891 1043 tyrannidis
913 983 1051 1026 facere
1072 983 1223 1039 finem,
1250 983 1511 1026 libertatem-

137 1080 221 1123 que
244 1063 424 1106 reddere
450 1064 743 1123 Syracusanis.
771 1066 808 1106 A
829 1080 915 1122 qua
939 1062 1162 1105 voluntate
1188 1061 1354 1106 Philisti
1376 1064 1512 1106 consi-

136 1142 194 1186 lio
219 1142 470 1197 deterritus,
496 1141 731 1201 aliquando
758 1141 978 1185 crudelior
1001 1158 1091 1185 esse
1116 1143 1258 1202 coepit.

197 1224 274 1267 IV.
310 1223 401 1280 Qui
421 1221 597 1282 quidem
619 1238 754 1281 quum
775 1238 799 1264 a
819 1223 962 1265 Dione
982 1238 1025 1265 se
1046 1223 1240 1282 superari
1261 1221 1426 1266 videret
1449 1223 1511 1265 in-

136 1303 287 1364 genio,
322 1302 607 1354 auctoritate,
640 1317 788 1344 amore
822 1300 998 1362 populi3
1033 1318 1207 1357 verens,
1239 1318 1316 1356 ne,
1346 1302 1379 1344 si
1412 1318 1511 1345 eum

135 1399 281 1426 secum
320 1382 518 1437 haberet,
560 1380 750 1441 aliquam
789 1383 1060 1425 occasionem
1101 1383 1165 1425 sui
1204 1381 1325 1425 daret
1362 1383 1510 1442 oppri-

138 1462 306 1518 mendi,
330 1478 486 1505 navem
510 1462 548 1504 ei
573 1463 793 1505 triremem
819 1461 961 1515 dedit,
987 1478 1073 1521 qua
1101 1462 1364 1505 Corinthum
1389 1461 1511 1505 deve-

137 1542 333 1596 heretur3
367 1540 597 1584 ostendens
635 1558 677 1584 se
717 1541 761 1583 id
802 1542 1029 1600 utriusque
1063 1541 1203 1584 facere
1241 1557 1392 1596 causa,
1433 1557 1510 1595 ne,

137 1638 273 1681 quum
307 1623 420 1664 inter
453 1637 497 1664 se
525 1622 751 1676 timerent,
782 1620 990 1664 alteruter
1021 1620 1204 1664 alterum
1235 1637 1512 1681 praeoccupa-

135 1711 213 1744 ret.
251 1701 302 1745 Id
336 1717 472 1760 quum
512 1700 675 1743 factum
709 1699 836 1743 multi
870 1699 1225 1760 indignarentur,
1258 1716 1512 1760 magnaeque

135 1791 245 1826 esset
268 1780 440 1825 invidiae
465 1790 672 1842 tyrann03
697 1780 934 1840 Dionysius
959 1780 1105 1822 omnia
1129 1796 1224 1839 quae
1248 1781 1413 1823 moveri
1439 1796 1513 1840 po-

137 1872 280 1907 terant
305 1863 460 1907 Dionis
489 1862 534 1904 in
563 1877 693 1904 naves
722 1861 953 1920 imposuit,
981 1859 1036 1903 ad
1065 1875 1251 1919 eumque
1279 1860 1408 1903 misit.
1441 1861 1512 1903 Sic

136 1943 251 1986 enim
271 1942 507 1986 existimari
528 1939 718 1992 volebat,
740 1940 782 1983 id
804 1956 846 1982 se
870 1956 958 1982 non
980 1938 1080 1982 odio
1101 1939 1308 1995 hominis,
1331 1939 1403 1983 sed
1425 1956 1511 1983 suae

136 2021 286 2066 salutis
310 2021 458 2065 fecisse
486 2036 629 2064 causa.
654 2022 807 2063 Postea
833 2035 934 2062 vero
965 2035 1095 2078 quam
1127 2017 1314 2074 audivit,
1341 2035 1439 2061 eum
1466 2020 1509 2062 in

135 2101 436 2163 Peloponneso
466 2117 645 2144 manum
675 2115 949 2159 comparare,
980 2099 1146 2158 sibique
1178 2097 1340 2141 bellum
1369 2098 1511 2143 facere

137 2183 308 2235 conari;
351 2184 539 2237 Areten,
578 2180 734 2224 Dionis
775 2195 976 2233 uxorem,
1024 2176 1096 2221 alii
1137 2187 1323 2238 nuptum
1370 2177 1509 2233 dedit,

137 2260 364 2320 filiumque
388 2261 479 2320 ejus
503 2261 563 2303 sic
587 2258 760 2302 educari
784 2259 928 2318 jussit,
955 2267 1004 2301 ut
1027 2256 1293 2318 indulgendo
1319 2258 1511 2317 turpissi—

138 2341 218 2384 mis
252 2340 521 2383 imbueretur
553 2338 876 2398 cupiditatibus.
909 2338 1022 2381 Nam
1056 2353 1219 2397 puero,
1254 2337 1510 2396 priusquam

135 2419 272 2480 pubes
291 2429 422 2473 esset,
447 2429 589 2463 scorta
615 2417 962 2473 adducebantur3
984 2418 1084 2460 vino
1110 2415 1333 2476 epulisque
1358 2416 1510 2460 obrue-

137 2500 288 2554 batur,
312 2516 453 2559 neque
478 2497 617 2542 ullum
645 2508 815 2559 tempus
839 2497 983 2540 sobrio
1014 2496 1353 2556 relinquebatur.
1380 2498 1421 2540 Is
1445 2513 1510 2539 us-

138 2596 223 2639 que
246 2596 296 2623 eo
320 2579 418 2622 vitae
443 2588 602 2622 statum
629 2587 942 2622 commutatum
964 2576 1075 2620 ferre
1095 2593 1182 2620 non
1207 2577 1372 2636 potuit,
1397 2585 1509 2636 post-

1240 2658 1280 2701 4.
