1859 3310
638 212 943 245 FRAGMENTA.
1402 227 1414 249 1
1426 214 1470 249 5⁹,

690 383 784 410 ΜΒ.
821 383 896 409 XV.

175 525 342 566 Harum
368 529 551 580 partum.
584 519 749 563 Charis.
780 518 852 561 lib.
884 536 920 573 1,
949 519 1026 563 col.
1065 524 1160 573 114.

681 686 774 714 LIB.
812 686 909 713 xvl.

179 826 214 867 A
246 822 374 865 fratre
400 821 605 881 patruele.
636 823 801 866 Charis.
829 823 900 866 lib.
926 839 960 877 1,
984 823 1064 867 col.
1090 841 1104 867 1
1122 823 1189 868 13.

668 999 921 1043 INCERTA

422 1128 510 1165 Quo
535 1127 657 1157 Lumo
682 1127 882 1157 VIRORUM
907 1127 1160 1157 ILLUSTRIUM

722 1248 862 1269 POSITA-

178 1387 432 1429 CARTHAGO
454 1393 579 1426 antea
605 1384 788 1443 speciem
807 1383 957 1426 habuit
981 1383 1163 1444 duplicis
1182 1384 1329 1445 oppidi
1351 1387 1471 1444 quasi

115 1462 234 1507 aliud
259 1463 442 1506 alterum
468 1462 796 1523 amplecteretur
823 1479 832 1504 ε
863 1462 985 1521 cujus
1013 1463 1189 1506 interior
1217 1480 1314 1524 pars
1340 1467 1471 1523 Byrsa

116 1543 352 1598 dicebatur,
386 1543 569 1585 exterior
597 1540 798 1602 Magalia.
827 1541 967 1600 Hujus
994 1543 1056 1585 rei
1081 1543 1198 1585 testis
1223 1552 1286 1585 est
1310 1545 1470 1587 Corne-

116 1620 197 1664 lius
225 1623 371 1682 Nepos
402 1622 446 1664 in
470 1637 520 1664 eo
551 1619 683 1675 libro,
709 1621 784 1680 qui
817 1620 924 1663 Vita
945 1620 1181 1664 Illustrz'mn
1209 1622 1468 1664 inscribitur.

115 1701 308 1755 Servius,
340 1699 406 1744 ad
426 1702 535 1744 AEn.
560 1714 596 1753 1,
625 1696 729 1760 372.

177 1780 362 1839 Propius
383 1779 678 1822 Grammatico
698 1779 865 1822 accessi.
894 1778 1146 1832 Diomedes,
1174 1778 1245 1822 lib.
1269 1795 1282 1822 1
1313 1781 1471 1823 Gram-

119 1868 219 1902 mat.
244 1857 326 1903 col.
350 1856 454 1913 405.

170 1942 227 1983 A.
256 1937 458 1994 Albinus,
486 1940 560 1998 qui
589 1955 687 1982 cum
712 1941 761 1982 L.
788 1937 972 1981 Lucullo
995 1936 1144 1981 consul
1171 1937 1269 1993 fuit,
1295 1953 1361 1980 res
1384 1938 1470 1979 Ro-

119 2033 266 2060 manas
286 2018 480 2061 oratione
502 2033 638 2078 graeca
661 2017 928 2077 scriptitavit.
952 2019 1004 2060 In
1034 2016 1124 2075 ejus
1144 2016 1330 2059 historiae
1352 2016 1472 2076 prin-

119 2096 231 2156 cipio
250 2097 457 2156 scriptum
474 2105 538 2139 est
556 2096 610 2139 ad
628 2096 739 2139 hanc
759 2096 1013 2138 sententiam
1032 2112 1041 2137 :
1059 2096 1285 2139 Neminem
1303 2110 1472 2138 succen-

120 2190 210 2217 sere
227 2174 307 2217 sibi
324 2176 569 2230 convenire,
587 2176 621 2218 si
641 2174 744 2234 quid
761 2175 805 2217 in
826 2175 893 2217 his
912 2173 1031 2217 libris
1050 2190 1204 2234 parum
1222 2174 1470 2234 composite,

119 2263 194 2296 aut
219 2254 360 2296 minus
383 2251 597 2313 eleganter
624 2254 831 2313 scriptum
856 2253 978 2296 foret.
1006 2254 1151 2296 «Nam
1175 2268 1291 2308 sum,
1314 2252 1472 2311 inquit,

122 2333 252 2375 homo
278 2334 520 2388 Romanus,
548 2341 675 2375 natus
706 2333 749 2374 in
780 2332 904 2374 Latio
930 2348 939 2373 ε
969 2347 1105 2391 graeca
1131 2331 1269 2374 oratio
1296 2346 1321 2373 a
1350 2330 1473 2373 nobis

119 2411 374 2455 alienissima
398 2420 473 2454 est.
493 2431 513 2452 »
539 2410 725 2471 Ideoque
744 2411 912 2453 veniam
937 2410 1203 2470 gratiamque
1226 2407 1346 2451 malae
1365 2409 1471 2451 exis-

120 2492 377 2546 timationis,
403 2492 438 2534 si
464 2490 570 2550 quid
599 2500 707 2533 esset
737 2499 948 2545 erratum,
980 2486 1223 2549 postulavit.
1252 2490 1312 2531 Ea
1338 2503 1472 2547 quum

121 2569 289 2630 legisset
319 2571 381 2613 M.
415 2571 524 2613 Cato
555 2586 563 2611 z
592 2588 612 2608 «
629 2571 706 2613 Nae
742 2579 809 2624 tu,
841 2569 1001 2628 inquit,
1029 2566 1154 2622 Aule,
1184 2567 1362 2610 nimium
1391 2583 1471 2610 nu-
