1859 3310
345 184 415 219 108
661 187 893 223 CORNELII
925 187 1129 223 NEPOTIS
1158 186 1387 223 PHOCION.

340 284 423 328 que
455 284 502 311 ea
531 284 576 312 re
608 267 768 328 legatos
795 270 849 312 ad
877 269 1286 330 Polysperchontem
1316 270 1451 326 misit,
1477 270 1550 329 qui
1575 270 1628 313 ab
1655 286 1706 313 co

340 357 554 407 peterent,
588 358 636 391 ut
670 365 747 391 sua
778 348 948 392 decreta
980 349 1267 392 confirmaret.
1300 351 1397 392 Huc
1429 348 1578 391 eodem
1609 366 1708 409 pro-

340 425 475 469 fectus
500 437 563 470 est
593 427 798 470 Phocion.
827 428 930 483 Quo
965 436 1011 469 ut
1042 428 1178 483 venit,
1207 444 1378 471 causam
1406 427 1522 488 apud
1547 426 1709 488 Philip-

341 521 446 564 pum
471 521 614 565 regem
647 505 799 560 verbo,
827 521 873 548 re
898 506 990 565 ipsa
1021 505 1193 565 quidem
1220 507 1337 567 apud
1362 506 1707 567 Polysperchon-

342 593 426 627 tem
447 584 592 643 jussus
619 593 682 627 est
707 584 846 628 dicere
875 601 884 627 ε
906 601 1091 644 namque
1116 586 1150 629 is
1175 595 1268 629 tum
1293 588 1404 646 regis
1424 587 1552 630 rebus
1578 604 1708 648 praee-

342 672 420 705 rat.
448 665 527 706 llic
553 663 606 706 ab
633 663 860 723 Agnonide
886 673 1130 721 accusatus,
1158 665 1275 724 quod
1301 667 1484 709 Piraeum
1503 666 1708 710 Nicanori

342 741 618 802 prodidisset,
639 759 689 785 ex
711 741 880 786 concilii
904 743 1114 786 sententia
1137 743 1180 786 in
1203 743 1442 787 custodiam
1469 744 1708 804 conjectus,

341 819 530 864 Athenas
565 820 776 865 deductus
806 830 889 877 est,
919 831 968 865 ut
999 821 1058 865 ibi
1088 821 1140 865 de
1170 838 1221 866 eo
1249 820 1414 882 legibus
1448 822 1568 867 fieret
1595 823 1710 883 judi-

342 899 469 942 cium.

405 980 480 1023 IV.
517 982 614 1024 Huc
646 981 719 1025 ubi
750 991 1006 1042 perventum
1040 992 1125 1039 est,
1159 998 1294 1043 quum
1333 991 1511 1043 propter
1542 991 1710 1025 aetatem

341 1058 521 1119 pedibus
543 1060 632 1119 jam
657 1077 745 1105 non
766 1061 943 1117 valeret,
970 1061 1254 1122 vehiculoque
1278 1071 1538 1122 portaretur,
1564 1061 1709 1121 magni

341 1154 576 1183 concursus
614 1151 714 1184 sunt
749 1140 872 1197 facti,
909 1158 1043 1201 quum
1076 1141 1167 1197 alii,
1199 1142 1518 1185 reminiscentes
1554 1140 1709 1184 veteris

340 1216 485 1274 famae,
526 1221 661 1263 aetatis
698 1221 1032 1277 misererentur3
1075 1219 1250 1282 plurimi
1290 1237 1392 1264 vero
1428 1221 1491 1263 ira
1528 1236 1708 1263 exacue-

340 1307 516 1354 rentur,
557 1309 736 1359 propter
769 1299 1025 1360 proditionis
1062 1300 1349 1360 suspicionem
1387 1300 1537 1356 Piraei,
1575 1299 1710 1342 maxi-

340 1393 518 1436 meque,
561 1378 677 1437 quod
714 1378 918 1422 adversus
958 1377 1109 1440 populi
1149 1378 1373 1422 commoda
1411 1379 1455 1422 in
1494 1386 1711 1422 senectute

341 1464 527 1500 steterat.
556 1458 656 1514 Qua
682 1457 734 1501 de
755 1475 801 1501 re
827 1475 881 1501 ne
911 1458 1144 1519 perorandi
1173 1458 1346 1518 quidem
1374 1459 1412 1501 ei
1432 1457 1532 1501 data
1555 1467 1619 1501 est
1649 1456 1711 1500 fa-

340 1535 497 1593 cultas,
525 1547 566 1580 et
598 1538 767 1581 dicendi
798 1555 982 1582 causam.
1021 1538 1128 1581 Inde
1157 1538 1346 1598 judicio,
1379 1536 1579 1598 legitimis
1616 1537 1710 1596 qui-

338 1616 521 1659 busdam
548 1617 773 1673 confectis,
795 1618 1043 1675 damnatus,
1071 1618 1255 1661 traditus
1279 1627 1342 1661 est
1369 1617 1568 1660 undecim
1587 1616 1711 1671 viris,

338 1696 495 1754 quibus
516 1697 570 1740 ad
590 1697 871 1758 supplicium,
894 1715 1014 1741 more
1033 1698 1383 1753 Atheniensium,
1406 1695 1578 1758 publice
1595 1695 1712 1738 dam-

338 1777 427 1819 nati
450 1777 560 1820 tradi
579 1777 730 1821 solent.
754 1779 835 1822 Hic
852 1796 988 1838 quum
1010 1779 1064 1822 ad
1086 1788 1270 1822 mortem
1293 1777 1537 1833 duceretur,
1559 1776 1712 1819 obvius

337 1856 373 1898 ei
396 1855 479 1899 fuit
500 1856 806 1917 Emphyletus,
830 1874 917 1918 quo
936 1857 1201 1901 familiariter
1222 1857 1363 1900 fuerat
1382 1872 1498 1900 usus.
1517 1857 1559 1899 Is
1577 1871 1712 1915 quum

336 1934 578 1995 lacrymans
604 1937 798 1994 dixisset,
829 1956 849 1978 α
870 1939 910 1981 O
941 1954 1071 1997 quam
1099 1937 1278 1998 indigna
1307 1936 1565 1998 perpeteris,
1599 1935 1713 1979 Pho-

337 2012 493 2058 cionl»
521 2016 624 2059 huic
647 2015 716 2060 ille
745 2034 753 2060 ε
784 2019 873 2062 «At
894 2033 981 2060 non
1008 2017 1250 2077 inopinata,
1274 2016 1433 2075 inquit3
1455 2015 1573 2058 hunc
1598 2014 1712 2057 enim

336 2095 498 2137 exitum
531 2094 725 2155 plerique
756 2095 859 2139 clari
892 2097 973 2139 viri
1006 2096 1254 2139 habuerunt
1283 2095 1577 2139 Athenienses.
1602 2113 1624 2135 ³>
1660 2095 1712 2137 In

335 2173 418 2217 hoc
446 2183 616 2217 tantum
647 2174 730 2219 fuit
757 2176 905 2219 odium
932 2175 1243 2232 multitudinis,
1271 2184 1320 2218 ut
1346 2191 1472 2218 nemo
1499 2190 1629 2218 ausus
1659 2173 1714 2217 sit

335 2268 435 2297 eum
461 2252 570 2298 liber
595 2253 774 2316 sepelire
799 2272 809 2298 ε
839 2257 982 2315 itaque
1007 2272 1032 2298 a
1058 2256 1190 2299 servis
1216 2253 1410 2316 sepultus
1436 2263 1511 2298 est.
