1859 3310
342 262 411 299 204
686 261 896 296 JoxNle
927 263 1073 297 llENR.
1104 262 1357 298 SCHLEGEL

340 341 510 377 Eminent
533 344 628 379 enim
659 344 695 378 in
715 357 780 388 eo,
810 358 888 391 quae
911 358 995 381 raro
1019 347 1055 381 in
1082 360 1154 381 uno
1185 346 1362 393 scriptore
1384 343 1579 389 conjuncta
1597 342 1704 378 inve-

340 403 435 447 nias,
460 405 617 439 eruditio
651 407 721 440 late
755 413 905 451 patens,
931 394 1109 442 summum
1136 407 1276 455 ingenii
1309 418 1482 449 acumen,
1515 416 1648 451 magna
1668 405 1707 439 in

340 467 633 511 argumentando
659 466 732 509 vis,
757 467 942 513 mirusque
965 467 1137 503 dictionis
1158 469 1268 503 nitor.
1300 466 1568 503 Celeberrimus
1594 467 1706 502 Win-

340 524 555 560 kelmannus
580 526 618 560 in
642 539 754 573 opere
780 540 846 562 suo
871 527 916 561 de
941 535 1017 562 arte
1042 529 1253 575 pulchriore
1276 534 1541 564 commentatus
1565 533 1641 561 erat
1663 526 1709 561 de

340 586 552 633 Borglzc.s'c'o,
574 599 682 633 quem
702 589 813 635 vulgo
832 588 1049 635 perhibens,
1063 591 1285 637 gladiatore.
1312 591 1437 625 Statua
1457 588 1518 622 illa
1537 588 1711 635 praeclara

340 646 462 680 multis
490 646 528 680 in
552 647 655 682 libris
685 648 747 682 aeri
774 648 953 696 insculpta
982 650 1149 684 habetur.
1176 650 1409 697 Conspicitur
1434 650 1543 685 etiam
1565 648 1712 696 egregia

341 706 416 752 ejus
436 705 575 753 effigies
594 720 728 756 gypsea
746 716 869 744 nostra
894 710 932 744 in
953 711 1064 755 urbe,
1085 711 1123 745 in
1142 723 1226 746 arce
1245 710 1625 758 Cliarlottoburgensi.
1640 711 1713 745 Ne-

340 767 440 813 gavit
464 768 789 814 lVinIoelmannus,
815 784 891 806 esse
918 771 1178 818 gladiatorem,
1203 778 1284 816 aut,
1309 779 1348 806 ut
1377 772 1439 807 alii
1457 772 1608 816 volunt,
1630 772 1711 806 dis-

341 829 525 872 cobolum;
543 830 700 866 credidit
721 844 798 867 esse
817 832 990 877 militem,
1009 833 1071 880 qui
1084 833 1220 868 virtute
1233 845 1296 867 sua
1308 859 1318 877 ,
1331 839 1516 878 statuque,
1536 845 1610 879 quo
1623 833 1712 867 hos-

341 889 386 924 tis
408 889 585 937 impetum
610 893 768 940 excepit,
792 900 947 928 statuam
970 894 1157 929 meruerit.
1182 894 1391 942 Lessz'ngius
1416 900 1571 927 statuam
1594 893 1714 937 illam,

341 963 561 998 comparans
587 965 669 988 cum
688 954 841 1001 Nepotis
864 955 1133 1002 descriptione,
1159 967 1267 1003 quam
1295 968 1401 1003 supra
1429 954 1553 998 attuli,
1576 954 1716 1000 judicat

340 1021 601 1059 repraesentare
623 1015 833 1051 Chabriam.
860 1017 985 1051 Unum
1004 1017 1152 1052 obstare
1174 1018 1329 1052 videtur.
1351 1019 1502 1053 Sursum
1525 1023 1624 1051 tenet
1646 1015 1715 1050 mi-

340 1073 392 1108 les
419 1074 480 1109 ille
509 1083 666 1120 scutu1n3
696 1090 806 1124 quum
839 1078 993 1125 Nepotis
1018 1079 1216 1126 descriptio
1247 1079 1381 1114 habeat
1410 1078 1592 1113 :Obnixo
1620 1089 1716 1125 genu

341 1142 462 1176 scuto,
487 1137 723 1186 projectaque
741 1140 854 1175 hasta.
875 1140 947 1175 Sed
972 1140 1029 1175 vir
1053 1140 1283 1175 doctissimus
1306 1140 1355 1175 ita
1378 1139 1716 1186 interpungendum

341 1197 485 1232 credit:
510 1200 664 1235 Obnixo
689 1213 806 1248 genu,
830 1209 952 1245 scuto,
977 1202 1216 1249 projectaque
1241 1203 1356 1237 hasta.
1388 1202 1521 1249 Attigit
1549 1201 1716 1236 eamdem

341 1270 420 1293 rem
441 1259 480 1293 in
506 1261 578 1295 alio
607 1262 726 1305 libro,
753 1263 815 1310 qui
844 1264 1057 1298 inscribitur
1081 1277 1088 1298 :
1117 1263 1403 1311 Antiquarisclze
1428 1262 1565 1310 Briefi’.
1593 1265 1717 1298 Potest

342 1320 489 1366 utique,
514 1322 544 1355 si
574 1322 650 1366 vis,
670 1322 921 1370 interpunctio
948 1324 1186 1371 Lessingiana
1214 1325 1350 1360 habere
1375 1326 1508 1360 locum.
1533 1324 1607 1360 Sed
1627 1324 1657 1359 si
1678 1324 1716 1359 id

341 1393 417 1415 non
445 1382 571 1427 detur,
598 1384 697 1419 haud
726 1385 846 1420 minus
873 1393 1063 1433 acceptum
1095 1393 1130 1420 et
1157 1386 1394 1433 probandum
1428 1386 1497 1420 erit
1536 1384 1717 1433 Lessingii

341 1443 387 1478 de
422 1444 558 1479 celebri
588 1445 801 1482 hac.statua
817 1446 1007 1493 judicium.
1029 1447 1066 1483 Si
1088 1460 1166 1482 non
1186 1447 1341 1482 omnino
1362 1447 1565 1495 respondet
1590 1446 1717 1490 statui,

342 1517 415 1551 quo
435 1506 613 1542 Chabrias
632 1507 810 1555 impetum
828 1509 991 1543 hostium
1014 1508 1185 1556 excipere
1206 1508 1351 1550 docuit,
1379 1508 1490 1543 alium
1513 1519 1718 1555 repraesen-

340 1573 419 1602 tare
440 1567 587 1603 videtur
608 1569 790 1605 illustrem
815 1582 973 1618 graecum
994 1570 1166 1615 militem,
1185 1571 1244 1606 vel
1263 1571 1373 1606 etiam
1395 1570 1576 1606 victorem
1588 1570 1719 1618 Olym-

340 1627 425 1674 piae,
451 1629 509 1663 cui
530 1630 578 1665 ad
606 1632 819 1678 exemplum
838 1632 1005 1667 Chabriae
1032 1632 1069 1667 itz
1091 1645 1133 1667 eo
1150 1639 1251 1667 statu
1267 1633 1399 1681 posita
1424 1639 1481 1667 est
1503 1639 1648 1676 statua,
1681 1633 1718 1667 in

341 1702 412 1736 quo
430 1691 626 1726 victoriam
648 1700 704 1727 est
724 1694 892 1741 adeptus.

394 1752 497 1787 VIII.
526 1754 704 1801 Lysandr.
729 1767 806 1799 111,
830 1768 859 1790 1.
882 1756 1162 1790 Lacedaemonii
1183 1756 1309 1790 omnia
1331 1755 1385 1790 ad
1411 1756 1566 1790 oracula
1591 1753 1722 1800 referre

340 1823 604 1850 consueverant.
632 1819 747 1862 Aptus
772 1817 811 1851 in
830 1817 929 1852 hunc
952 1817 1073 1852 locum
1098 1818 1385 1852 commentarius
1406 1824 1460 1852 est
1479 1824 1576 1852 totus
1598 1816 1721 1851 Hero-

341 1875 470 1920 dotus,
501 1877 693 1912 sententiis
721 1878 858 1926 quippe
888 1880 1123 1914 oraculorum
1153 1880 1326 1926 repletus.
1353 1881 1557 1923 Monstrat,
1576 1879 1722 1913 Graecos

341 1950 469 1973 omues
491 1939 649 1974 oraculis
676 1939 878 1987 plurimum
901 1940 1091 1984 tribuisse;
1113 1941 1255 1975 nullum
1276 1953 1367 1976 vero
1387 1941 1483 1975 inter
1510 1952 1572 1975 eos
1594 1952 1720 1987 popu-

340 1999 417 2034 lum
438 2007 540 2036 tanta
562 2001 826 2048 superstitione
850 2002 897 2036 ab
920 2002 1157 2037 oraculorum
1177 2002 1295 2037 effatis
1318 2002 1559 2049 pependisse,
1582 2013 1623 2035 ac
1644 2002 1719 2036 La-

341 2061 599 2097 cedaemonios.
613 2063 855 2098 Instituerant
874 2064 1112 2099 oraculorum
1125 2064 1243 2111 gratia
1260 2063 1444 2109 singulare
1458 2075 1602 2097 munus.
1623 2063 1718 2097 Ute-

341 2122 478 2157 bantur
500 2123 638 2158 scilicet
659 2123 808 2158 duobus
827 2124 990 2169 Pstlziis,
1019 2137 1113 2171 quos
1137 2125 1304 2171 Delphos
1327 2124 1374 2159 ad
1400 2123 1632 2171 exploranda
1656 2136 1723 2158 va-

341 2183 466 2218 ticinia
477 2184 622 2219 mittere
636 2185 824 2229 solebant3
838 2192 929 2220 teste
940 2186 1134 2221 Herodoto
1144 2213 1152 2229 ,
1164 2187 1186 2220 l.
1200 2199 1241 2220 VI
1252 2213 1261 2229 ,
1271 2199 1308 2233 p.
1323 2190 1406 2228 400.
1423 2186 1496 2220 Sed
1510 2191 1722 2232 corruptam

341 2257 616 2292 nonnunquam
639 2246 750 2281 fuisse
768 2246 964 2292 Pythiam,
987 2247 1095 2282 docet
1114 2247 1214 2283 idem
1227 2247 1441 2282 Herodotus
1453 2274 1462 2291 ‚
1480 2248 1503 2281 l.
1524 2260 1559 2291 v,
1583 2259 1618 2294 p.
1635 2245 1722 2290 364,

342 2314 378 2342 et
399 2319 457 2351 vt,
479 2319 515 2354 p.
541 2312 614 2350 402
633 2315 668 2343 et
692 2308 776 2350 408.

397 2369 464 2403 IX.
494 2369 632 2415 Agesil.
656 2382 761 2413 v111,
786 2369 819 2405 5.
848 2371 1068 2419 Ignorantia
1094 2370 1269 2405 bonarum
1299 2382 1427 2405 rerum.
1451 2369 1554 2404 Inter
1574 2370 1721 2403 Graecos

343 2441 466 2476 aeque,
486 2442 527 2465 ac
551 2430 642 2465 alios
669 2431 733 2478 qui
761 2433 987 2479 elegantiam
1015 2432 1238 2466 affectabant
1266 2431 1449 2478 populos,
1479 2429 1721 2477 sapientiores

345 2503 425 2525 eam
443 2492 677 2538 potissimum
696 2492 735 2526 in
754 2493 811 2527 his
824 2494 936 2528 rebus
949 2500 1172 2542 posuerunt,
1193 2505 1273 2539 quae
1286 2492 1334 2527 ad
1352 2492 1515 2527 animum
1539 2489 1720 2537 effingen—

345 2552 434 2586 dum
459 2553 665 2600 pertinent,
691 2554 756 2589 sed
779 2555 947 2602 plerique
975 2554 1073 2589 haud
1099 2555 1218 2589 minus
1240 2554 1279 2588 in
1300 2554 1390 2597 illis,
1416 2566 1494 2602 quae
1516 2553 1563 2588 ad
1582 2553 1720 2600 volup-

345 2619 458 2647 tatem
492 2614 761 2661 luxuriamque.
792 2617 983 2651 Notabant
1024 2616 1178 2651 vocibus
1215 2612 1440 2661 ἀζελτερίοι,
1480 2612 1723 2658 ἀναισθησία,

347 2672 516 2709 homines
550 2688 569 2709 a
601 2676 815 2722 cognitione
839 2684 902 2712 aut
930 2690 1039 2712 sensu
1068 2678 1249 2712 bonariun
1275 2690 1395 2711 rerum
1430 2676 1588 2720 alienos,
1610 2676 1723 2724 idque
