1859 3310
369 232 378 253 1
391 225 409 260 λι.
800 206 1032 241 CORNELII
1062 205 1270 240 NEPOTIS

351 289 519 343 haberi,
558 305 612 332 ne
639 299 779 332 essent
807 288 899 332 loca
933 289 1119 343 munita,
1144 305 1239 348 quae
1268 289 1410 332 hostes
1430 287 1714 347 possiderent,

352 367 630 412 Athenienses
652 366 910 410 aedificantes
934 368 1164 426 prohibere
1183 377 1284 410 sunt
1303 368 1463 411 conati.
1479 369 1573 409 Hoc
1588 364 1716 424 longe

352 446 435 490 alio
464 448 685 507 spectabat
710 456 841 506 atque
871 446 1007 489 videri
1033 446 1247 491 volebant.
1284 447 1570 491 Athenienses
1601 445 1717 488 enim

352 527 518 571 duabus
564 528 755 570 victoriis
773 561 783 581 ,
835 526 1113 570 Marathonia
1160 538 1202 570 et
1247 526 1506 582 Salaminia,
1552 534 1717 568 tantam

352 605 531 667 gloriam
565 605 682 665 apud
713 621 860 648 omnes
895 615 1045 665 gentes
1081 616 1205 649 erant
1234 607 1483 662 consecuti,
1516 616 1564 648 ut
1600 605 1720 647 intel·

355 685 533 745 ligerent
557 683 901 739 Lacedaemonii,
931 685 983 728 de
1018 686 1267 745 principatu
1299 686 1379 729 sibi
1409 701 1508 729 cum
1533 684 1600 727 his
1630 699 1720 727 cer-

356 774 496 806 tamen
527 763 645 807 fore:
684 778 818 822 quare
847 780 919 807 eos
960 781 1091 824 quam
1132 765 1449 808 infirmissimos
1483 780 1572 807 esse
1606 761 1721 807 vole-

356 843 470 885 bant.
499 844 734 901 Postquam
757 852 902 885 autem
932 843 1167 887 audierunt
1188 859 1337 886 muros
1362 843 1533 896 instrui,
1559 840 1723 902 legatos

357 922 544 965 Athenas
571 922 811 978 miserunt,
838 922 912 981 qui
933 921 977 964 id
995 922 1088 965 fieri
1113 931 1323 965 vetarent.
1342 922 1420 965 His
1439 920 1724 981 praesentibus

356 1002 599 1058 desierunt⁷
625 1018 672 1045 ac
705 1018 748 1045 se
774 1002 826 1045 de
851 1018 899 1045 ea
927 1018 974 1045 re
1005 1001 1170 1063 legatos
1195 1001 1249 1045 ad
1277 1018 1347 1045 eos
1375 1002 1583 1045 missuros
1607 1000 1725 1044 dixe-

357 1093 471 1126 runt.
505 1085 628 1125 Hanc
663 1082 922 1141 legationem
955 1083 1147 1142 suscepit
1167 1080 1503 1136 Themistocles,
1538 1090 1580 1124 et
1607 1079 1722 1124 solus

359 1177 482 1222 prmo
515 1161 734 1222 profectus
753 1170 815 1205 est
839 1178 848 1205 :
870 1161 1027 1222 reliqui
1051 1161 1180 1223 legati
1198 1171 1246 1206 ut
1268 1171 1361 1206 tum
1380 1160 1565 1216 exirent,
1588 1176 1725 1220 quum

357 1244 455 1285 satis
488 1241 673 1284 altitudo
705 1242 819 1285 muri
849 1251 1049 1285 extructa
1079 1241 1325 1298 videretur,
1362 1241 1588 1302 praecepit,
1619 1241 1728 1284 inte-

358 1322 436 1363 rim
462 1337 612 1363 omnes
643 1322 754 1364 servi
787 1331 918 1381 atque
944 1321 1071 1365 liberi
1092 1338 1202 1382 opus
1229 1321 1440 1377 facerent;
1474 1337 1614 1381 neque
1649 1319 1727 1363 ulli

358 1401 452 1446 loco
475 1410 723 1461 parcerent,
739 1402 828 1445 sive
844 1418 964 1446 sacer
979 1411 1109 1459 esset,
1126 1403 1214 1445 sive
1227 1401 1454 1462 profanus,
1471 1402 1559 1445 sive
1583 1402 1727 1461 priva-

359 1492 444 1537 tus,
462 1482 551 1525 sive
569 1480 792 1539 publicus·,
809 1491 853 1525 et
875 1481 1088 1541 undique,
1105 1481 1223 1541 quod
1243 1481 1449 1524 idoneum
1461 1480 1515 1524 ad
1530 1480 1727 1523 munien-

358 1561 460 1604 dum
493 1570 713 1621 putarent,
746 1571 1046 1622 congererent.
1075 1563 1178 1618 Quo
1207 1561 1372 1604 factum
1401 1570 1490 1616 est,
1520 1570 1568 1603 ut
1597 1559 1730 1604 Athe-

359 1642 571 1684 niensium
595 1642 709 1683 muri
733 1657 785 1684 ex
811 1639 979 1684 sacellis
1002 1640 1298 1701 sepulcrisque
1329 1648 1590 1683 constarent.

419 1722 518 1764 VII.
552 1719 864 1763 Themistocles
892 1730 1056 1777 autem,
1102 1731 1150 1765 ut
1183 1720 1541 1765 Lacedaemonem
1581 1720 1729 1774 venit,

360 1799 477 1843 adire
509 1799 564 1844 ad
592 1800 874 1861 magistratus
907 1799 1066 1857 noluit,
1095 1811 1139 1844 et
1166 1800 1285 1844 dedit
1315 1816 1491 1861 operam
1526 1809 1575 1842 ut
1601 1815 1732 1859 quam

362 1880 608 1941 longissime
630 1890 803 1941 tempus
826 1880 1033 1937 duceret,
1057 1897 1231 1925 causam
1259 1882 1558 1942 interponens,
1582 1896 1625 1924 se
1646 1879 1734 1923 col-

361 1960 474 2021 legas
498 1970 740 2021 expectare.
769 1962 920 2018 Quum
948 1961 1268 2006 Lacedaemonii
1293 1972 1600 2022 quererentur,
1625 1977 1734 2022 opus

361 2040 643 2084 nihilominus
659 2040 775 2095 fieri,
801 2057 988 2101 eumque
1003 2042 1047 2085 in
1070 2058 1118 2085 ea
1142 2058 1187 2085 re
1208 2043 1356 2085 conari
1374 2041 1541 2096 fallere3
1561 2042 1735 2085 interim

361 2118 519 2179 reliqui
550 2118 681 2180 legati
707 2130 810 2163 sunt
842 2121 1078 2164 consecuti.
1110 2124 1145 2165 A
1175 2121 1332 2181 quibus
1360 2138 1495 2181 quum
1521 2120 1736 2176 audisset,

362 2216 449 2242 non
474 2198 665 2242 multum
690 2215 912 2260 superesse
937 2201 1215 2255 munitionis,
1242 2201 1296 2243 ad
1317 2200 1503 2261 ephoros
1534 2199 1736 2243 Lacedae-

363 2281 612 2325 moniorum
629 2281 833 2335 accessit,
849 2296 982 2340 penes
1002 2297 1110 2339 quos
1132 2296 1352 2322 summum
1375 2281 1608 2340 imperinm
1623 2289 1734 2322 erat:

363 2371 493 2420 atque
527 2359 644 2419 apud
678 2376 750 2402 eos
779 2358 1027 2413 contendit,
1060 2359 1164 2402 falsa
1193 2360 1260 2402 his
1293 2376 1383 2402 esse
1412 2358 1570 2413 delata3
1605 2375 1738 2417 quare

363 2456 535 2500 aequum
550 2456 640 2482 esse
655 2473 666 2491 ,
688 2438 783 2482 illos
807 2439 923 2481 viros
947 2439 1084 2481 honos
1107 2437 1360 2498 nobilesque
1377 2439 1563 2493 mittere,
1583 2438 1738 2497 quibus

366 2519 470 2562 fides
501 2518 759 2573 haberetur,
795 2519 868 2577 qui
897 2534 988 2561 rem
1021 2516 1323 2578 explorarent3
1353 2518 1517 2560 interea
1552 2533 1595 2559 se
1625 2517 1740 2561 obsi-

367 2599 463 2642 dem
486 2598 738 2641 retinerent.
766 2599 926 2641 Gestus
950 2607 1011 2641 est
1037 2599 1074 2641 ei
1097 2614 1210 2651 mos,
1235 2606 1407 2655 tresque
1423 2595 1577 2656 legati,
1601 2595 1739 2638 functi
