1859 3310
357 203 401 251 jv
811 205 1046 242 CORNELII
1076 206 1284 242 NEPOTIS

364 298 453 332 tam
473 288 713 350 pollicetur.
736 290 846 333 Sane
865 288 1055 333 Tulliani
1076 306 1166 333 esse
1190 291 1268 333 aevi
1289 290 1566 351 scriptorem,
1595 307 1733 351 neque

363 376 516 432 alium,
549 394 680 437 quam
715 379 948 438 Nepotem,
979 387 1073 420 tum
1106 387 1300 421 veterum
1328 377 1493 439 aliquot
1522 377 1732 422 librorum

363 464 521 508 indicio
553 467 856 525 cognoscitur3
888 475 982 508 tum
1016 466 1170 520 etiam,
1204 465 1321 525 quod
1353 467 1408 510 ad
1442 467 1732 527 Pomponium

361 554 553 596 Atticum
573 552 727 613 (cujus
746 552 857 595 idem
878 562 1034 612 rogatu
1053 552 1105 596 de
1122 554 1210 596 vita
1229 555 1406 597 Catonis
1426 553 1586 597 librum
1606 554 1731 609 fecitfi

361 636 458 683 {ritae
484 641 573 683 istae
593 640 853 683 scribantur.
878 640 1058 685 Accedit
1083 650 1125 684 et
1150 639 1285 684 altera
1308 642 1447 685 ratio:
1469 659 1568 685 nam
1594 643 1661 686 his
1687 643 1730 685 in

359 727 478 771 libris
495 744 543 771 ea
560 727 700 788 legere
717 737 798 783 est,
816 744 911 788 quae
937 745 1047 790 opus
1072 728 1155 772 hoc
1172 730 1384 790 scriptum
1409 746 1499 773 esse
1521 729 1731 785 clamant,

359 833 445 876 quo
476 825 670 877 tempore
706 818 938 878 Pompeius
971 827 1014 861 et
1047 820 1191 862 Caesar
1224 817 1323 878 plus
1347 828 1571 879 poterant,
1600 834 1728 878 quam

358 903 493 947 libera
523 905 567 948 in
604 904 826 966 republica
857 905 1090 965 expediret.
1126 908 1189 950 Ea
1220 906 1460 949 Lambinus
1501 905 1596 949 loca
1632 922 1730 950 con—

357 993 505 1052 gessit,
526 1003 575 1036 ut
600 992 707 1037 nihil
727 994 908 1038 attineat
927 992 1000 1038 illa
1020 994 1090 1038 hic
1109 1010 1319 1055 reponere
1338 1002 1366 1037 ¹.

418 1082 518 1142 Egit
550 1091 696 1125 autem
731 1083 877 1143 Nepos
913 1092 1006 1126 tum
1037 1082 1089 1126 de
1117 1084 1266 1143 graecis
1297 1083 1607 1144 scriptoribus,
1636 1092 1727 1126 tum
1767 1128 1769 1131 ,

355 1169 408 1213 de
431 1170 586 1215 latinis.
615 1174 682 1216 De
709 1172 880 1232 graecis,
908 1170 1065 1232 colligo
1087 1171 1206 1227 inde,
1235 1170 1354 1231 quod
1384 1172 1427 1214 in
1458 1172 1614 1216 Dionis
1641 1172 1729 1214 vita

354 1256 491 1314 dicat,
516 1258 676 1303 librum
705 1277 747 1303 se
770 1260 918 1303 fecisse
940 1259 993 1303 de
1025 1259 1263 1303 illustribus
1289 1260 1503 1303 historicis
1531 1278 1540 1303 :
1570 1262 1614 1303 in
1639 1277 1727 1321 quo

353 1346 465 1389 inter
489 1345 569 1389 alia
586 1349 788 1392 tractavit
805 1348 858 1392 de
884 1347 1066 1392 Philisto
1087 1348 1306 1392 historico.
1328 1351 1396 1392 De
1417 1347 1558 1392 latinis
1573 1383 1584 1405 ,
1602 1366 1728 1410 argu-

353 1443 500 1478 mento
527 1445 628 1479 sunt
652 1436 855 1496 plurima.
881 1437 993 1481 Nam
1020 1436 1073 1480 de
1096 1437 1300 1480 Terentio
1321 1438 1476 1497 egisse,
1501 1453 1553 1480 ex
1574 1439 1727 1481 Sueto·
1788 1475 1792 1477 t

352 1524 425 1566 nio
457 1525 615 1567 scimus
646 1525 689 1568 in
725 1526 915 1569 Terentii
942 1527 1057 1581 vita,
1087 1527 1263 1569 Donato
1288 1541 1516 1586 perperam
1548 1525 1725 1569 tributa.

350 1612 417 1656 Ad
444 1612 560 1670 haec,
586 1614 776 1674 primum
803 1614 855 1658 de
877 1615 967 1657 vita
986 1614 1208 1659 Ciceronis
1228 1612 1389 1657 librum
1411 1612 1575 1658 Gellius
1602 1614 1726 1670 citat,

350 1698 422 1743 lib.
451 1716 536 1756 xv,
558 1718 650 1762 cap.
681 1702 762 1757 283
791 1719 928 1762 eoque
953 1719 1003 1746 ex
1033 1719 1163 1764 opere
1192 1701 1483 1763 fragmentum
1515 1702 1726 1762 Hierony-

350 1805 447 1832 mus
471 1789 616 1845 affert,
649 1792 785 1852 Epist.
812 1792 866 1835 ad
893 1791 1233 1835 Pammachium.
1261 1794 1356 1835 Imo
1382 1790 1612 1834 verisimile
1640 1800 1725 1846 est,

349 1878 450 1922 inde
467 1895 556 1923 esse
580 1889 673 1923 tum
693 1882 824 1924 vitam
841 1883 890 1925 T.
913 1882 1143 1942 Pomponii
1162 1882 1320 1935 Attici,
1337 1874 1432 1942 quae
1448 1891 1610 1937 exstat,
1633 1891 1723 1924 tum

348 1968 482 2010 vitam
501 1970 679 2012 Catonis
696 2003 707 2024 ,
729 1986 860 2028 quam
886 1971 977 2013 istis
995 1968 1159 2013 claudit
1178 1970 1319 2013 verbis
1338 1987 1347 2012 :
1369 1969 1543 2029 «Hujus
1565 1969 1616 2013 de
1637 1970 1724 2012 vita

348 2064 391 2097 et
416 2056 609 2099 moribus
636 2056 764 2117 plura
790 2059 834 2101 in
861 2075 911 2101 eo
938 2057 1050 2101 libro
1077 2059 1292 2118 persecuti
1316 2075 1486 2112 sumus,
1512 2074 1641 2117 quem
1663 2074 1725 2101 se-

347 2146 533 2202 paratim
554 2145 606 2188 de
623 2162 672 2188 eo
690 2145 867 2190 fecimus
885 2156 1041 2207 rogatu
1059 2147 1145 2190 Titi
1159 2148 1389 2207 Pomponii
1414 2147 1556 2190 Attici.
1575 2148 1723 2204 Quare

349 2232 561 2277 studiosos
590 2238 768 2279 Catonis
796 2236 850 2278 ad
878 2234 984 2278 illud
1013 2235 1217 2279 volumen
1247 2235 1497 2296 relegamus.
1523 2255 1542 2277 n
1563 2238 1723 2296 Aperte

404 2367 412 2381 ¹
447 2362 492 2396 Et
510 2374 609 2397 nunc
625 2370 748 2397 tamen
769 2370 951 2410 repugnat
970 2365 1101 2397 G.-Fr.
1121 2363 1243 2398 Rinck
1270 2370 1349 2397 toto
1372 2363 1470 2397 libro
1492 2378 1499 2395 r
1521 2364 1660 2410 Saggio
1684 2363 1723 2396 (Ιὶ

348 2435 395 2456 un
419 2424 554 2457 Esame
574 2425 697 2458 critico
715 2437 790 2472 per
806 2426 985 2459 resticuire
1003 2425 1058 2458 acl
1079 2426 1217 2460 Emilio
1230 2425 1350 2459 Probo
1374 2425 1404 2458 il
1428 2425 1532 2466 libro,
1561 2425 1616 2458 De
1635 2423 1718 2459 'Vita

349 2485 475 2519 excell.
510 2484 621 2531 imp.,
659 2486 805 2520 creduto
841 2495 1115 2522 comunemente
1150 2487 1192 2520 di
1217 2487 1382 2522 Cornelio
1413 2487 1573 2532 Nepote,
1594 2486 1721 2519 Vene-

349 2545 424 2585 tiis,
447 2558 459 2579 1
474 2545 495 2579 8
509 2559 520 2579 1
534 2545 567 2580 8.
588 2547 798 2593 Respondit
818 2560 908 2581 vero
929 2550 1032 2583 Joele
1053 2550 1210 2584 Kohen:
1235 2547 1536 2582 Consideraziom'
1551 2549 1610 2581 sul
1627 2550 1716 2594 Sag-

347 2608 426 2654 gio,
450 2615 538 2651 ctc.;
562 2610 784 2652 Mediolani,
812 2609 923 2657 1819.
