1859 3310
331 217 342 238 1
355 204 400 239 36
774 205 1003 240 CORNELII
1033 206 1238 241 NEPOTIS

323 296 365 329 ct
397 289 446 330 L.
479 290 700 348 Torquato
734 305 870 342 COSS.;
905 306 1032 348 quern
1072 290 1183 333 diem
1218 291 1276 333 sic
1312 289 1511 331 universa
1542 287 1689 330 civitas

324 366 649 410 Atheniensium
675 377 902 428 prosecuta
925 378 1007 423 est,
1034 379 1083 412 ut
1110 368 1307 430 lacrymis
1333 367 1528 411 desiderii
1554 366 1689 410 futuri

325 444 517 488 dolorem
540 446 760 489 indicaret.
1724 436 1727 437 ⁷

386 526 439 567 V.
474 525 670 567 Habebat
695 524 958 569 avunculum
983 528 1038 584 Q.
1065 527 1305 584 Caecilium,
1339 528 1525 587 equitem
1556 542 1693 570 roma-

325 619 448 658 num,
467 602 719 646 familiarem
737 606 786 647 L.
807 604 999 661 Luculli,
1025 606 1219 663 divitem,
1246 606 1496 650 difficillima
1521 615 1689 649 natura.

323 682 460 740 Cujus
495 683 554 726 sic
570 684 844 743 asperitatem
875 686 1036 729 veritus
1068 696 1149 741 est,
1178 696 1247 741 ut,
1270 703 1396 746 quem
1423 702 1548 729 nemo
1583 684 1693 727 ferre

322 771 486 821 posset,
511 761 642 821 hujus
664 763 754 807 sine
773 762 1008 808 offensione
1034 765 1087 808 ad
1108 781 1318 808 summam
1346 775 1608 808 senectutem
1627 780 1692 807 rc·

322 842 501 884 tinuerit
526 841 881 886 benevolentiam.
910 845 1012 901 Quo
1037 843 1149 887 facto
1169 843 1269 887 tulit
1293 845 1462 905 pietatis
1487 843 1691 886 fructum.

321 919 518 964 Caecilius
544 922 658 964 enim
682 923 870 966 moriens
895 932 1152 967 testamento
1177 923 1399 984 adoptavit
1422 939 1541 978 eum,
1562 923 1696 965 haere-

322 999 505 1060 demque
521 1000 620 1044 fecit
639 1018 689 1045 ex
707 1001 930 1046 dodrante.
952 1006 1017 1048 Ex
1031 1020 1117 1064 qua
1135 1004 1384 1047 haereditate
1401 1004 1564 1064 accepit
1581 1003 1698 1045 circi-

323 1088 388 1121 ter
413 1081 571 1123 centies
599 1082 854 1125 sestertium.
883 1085 989 1126 Erat
1006 1093 1142 1144 nupta
1168 1100 1292 1127 soror
1316 1084 1447 1128 Attici
1472 1084 1526 1140 Q.
1555 1080 1697 1126 Tullio

324 1158 541 1216 Ciceroni3
563 1177 719 1220 easque
745 1163 919 1223 nuptias
937 1165 1000 1207 M.
1020 1164 1172 1208 Cicero
1192 1162 1441 1207 conciliarat
1454 1197 1465 1219 ,
1492 1179 1589 1206 cum
1610 1178 1698 1222 quo

323 1254 347 1280 a
371 1239 716 1300 condiscipulatu
744 1242 914 1285 vivebat
938 1243 1308 1302 conjunctissime,
1329 1242 1467 1286 multo
1487 1244 1615 1286 etiam
1639 1242 1699 1285 fa-

323 1316 552 1375 miliarius,
578 1337 708 1379 quam
735 1338 834 1364 cum
861 1323 1049 1379 Quint03
1077 1332 1124 1365 ut
1144 1322 1328 1381 judicari
1357 1323 1510 1383 possit,
1532 1321 1629 1382 plus
1655 1323 1698 1365 in

323 1398 510 1442 amicitia
535 1398 675 1443 valere
701 1400 1026 1445 similitudinem
1052 1419 1244 1456 morum,
1271 1418 1402 1461 quam
1432 1401 1696 1444 affinitatem.

324 1478 541 1522 Utebatur
559 1489 704 1540 autem
724 1481 873 1525 intime
893 1483 947 1539 Q.
969 1483 1202 1526 Hortensio
1219 1516 1230 1538 ,
1251 1483 1324 1542 qui
1345 1482 1410 1525 his
1431 1481 1701 1542 temporibus

325 1558 618 1619 principatum
643 1559 899 1620 eloquentiae
925 1562 1121 1619 tenebat,
1149 1572 1198 1605 ut
1217 1561 1397 1622 intelligi
1418 1578 1507 1605 non
1532 1571 1700 1622 posset,

326 1647 422 1681 uter
455 1656 553 1682 eum
584 1639 682 1701 plus
711 1640 926 1702 diligeret,
961 1644 1136 1698 Cicero,
1166 1660 1221 1686 an
1253 1643 1531 1696 Hortensius;
1560 1651 1603 1685 et
1637 1641 1700 1697 id,

326 1719 445 1778 quod
473 1730 565 1763 erat
591 1720 917 1778 difficillimum,
940 1722 1170 1778 efficiebat,
1202 1732 1270 1778 ut,
1297 1723 1409 1765 inter
1437 1738 1546 1781 quos
1573 1731 1702 1764 tantae

327 1797 465 1843 laudis
492 1811 601 1844 esset
623 1801 859 1859 aemulatio,
888 1802 1008 1846 nulla
1030 1803 1311 1847 intercederet
1338 1803 1616 1858 obtrectatio,
1642 1818 1705 1844 es—

328 1889 476 1939 setque
502 1879 653 1924 talium
680 1882 875 1925 virorum
901 1881 1070 1943 copula.

390 1962 466 2003 VI.
495 1963 547 2005 In
565 1961 787 2022 republica
804 1964 862 2006 ita
879 1972 941 2006 est
961 1973 1173 2018 versatus,
1192 1973 1239 2007 ut
1257 1979 1424 2024 semper
1441 1963 1703 2023 optimarum

328 2041 520 2100 partium
541 2052 583 2085 et
602 2053 731 2098 esset,
754 2053 796 2085 et
815 2044 1155 2099 existimaretur3
1183 2059 1321 2103 neque
1342 2054 1485 2086 tamen
1506 2059 1549 2085 se
1569 2041 1704 2085 civili-

328 2120 408 2163 bus
427 2120 631 2165 fluctibus
648 2123 958 2179 committeret,
979 2123 1096 2183 quod
1114 2140 1201 2167 nou
1220 2124 1355 2184 inagis
1373 2140 1444 2167 cos
1466 2124 1509 2165 in
1531 2138 1607 2165 sua
1627 2138 1705 2182 po-

330 2209 481 2244 testate
512 2202 784 2246 existimabat
812 2219 922 2259 esse,
952 2205 1026 2263 qui
1056 2220 1098 2246 se
1126 2204 1176 2247 iis
1206 2203 1441 2258 dedissent,
1473 2219 1601 2262 quam
1630 2203 1704 2261 qui

330 2281 555 2323 maritimis
571 2281 852 2340 jactarentur.
875 2285 1074 2326 Honores
1094 2300 1182 2326 non
1204 2283 1349 2344 petiit,
1375 2299 1507 2342 quum
1531 2283 1568 2325 ei
1589 2291 1706 2342 pate-

331 2369 425 2402 rent
458 2371 637 2421 propter
670 2360 737 2404 vel
774 2363 956 2422 gratiam
989 2362 1057 2406 vel
1094 2363 1377 2424 dignitatem,
1412 2361 1529 2422 quod
1564 2377 1705 2420 neque

332 2440 416 2498 peti
443 2456 563 2484 more
585 2442 821 2500 majorum,
840 2459 980 2502 neque
1002 2444 1096 2503 capi
1120 2452 1296 2503 possent
1320 2441 1583 2485 conservatis
1605 2440 1705 2500 legi-

331 2518 435 2573 bus,
468 2520 510 2562 in
540 2530 629 2563 tam
658 2521 801 2565 effusis
831 2522 1018 2565 ambitus
1046 2521 1375 2583 largitionibUS,
1403 2537 1543 2581 neque
1568 2521 1657 2581 geri
1682 2537 1704 2563 c

335 2598 555 2656 republica
585 2601 674 2643 sinc
701 2601 919 2660 periculo,
949 2603 1165 2662 corruptis
1191 2602 1374 2644 civitatis
1403 2602 1607 2644 moribus.
1638 2600 1702 2645 Ad
