1859 3310
621 254 895 288 AGESILAUS.
1394 253 1441 300 93

82 347 172 379 tum
207 337 382 398 reliquit
408 355 417 381 ε
446 353 632 396 namque
673 336 755 391 illi,
793 346 921 379 aucto
964 352 1146 379 numero
1177 351 1328 380 eorum
1368 339 1443 396 qui

80 428 276 478 expertes
300 429 423 462 erant
443 416 627 472 consilii,
651 433 927 460 commovere
947 433 990 460 se
1015 433 1103 459 non
1124 427 1224 459 sunt
1243 417 1352 471 ausi,
1375 433 1445 461 eo-

79 512 162 555 que
185 495 390 540 libentius
403 530 414 551 ,
436 495 554 555 quod
578 494 711 538 latere
730 495 1055 538 arbitrabantur
1074 511 1169 555 quae
1187 496 1444 555 cogitarant.

141 577 238 618 VII.
264 576 363 618 Sine
383 575 516 617 dubio
539 584 637 634 post
659 576 936 619 Leuctricam
960 592 1151 636 pugnam
1174 574 1447 618 Lacedaemo-

80 655 140 697 nii
169 670 212 696 se
240 671 463 714 nunquam
493 654 759 710 refecerunt,
790 671 929 716 neque
954 656 1184 715 pristinum
1213 655 1445 715 imperium

79 744 394 794 recuperarunt
412 751 421 778 τ
444 752 579 795 quum
598 736 772 778 interim
790 734 1012 795 Agesilaus
1035 752 1122 778 non
1151 735 1334 792 destitit,
1354 736 1448 795 qui-

78 813 351 873 buscumque
381 814 510 857 rebus
542 824 710 874 posset,
748 815 932 874 patriam
957 815 1125 874 juvare.
1160 815 1273 858 Nam
1310 831 1448 873 quum

79 893 293 952 praecipue
315 893 633 937 Lacedaemonii
657 893 902 953 indigerent
926 894 1133 953 pecunia,
1156 892 1226 935 ille
1245 893 1447 935 omnibus

79 972 154 1030 qui
189 989 213 1015 a
252 989 351 1033 rege
388 972 633 1016 defecerant
673 972 870 1032 praesidio
900 972 1006 1024 fuit3
1044 989 1067 1015 a
1098 972 1256 1031 quibus
1291 987 1448 1031 magna

79 1050 268 1094 donatus
289 1052 492 1111 pecunia,
512 1052 698 1111 patriam
722 1049 975 1093 sublevavit.
1000 1052 1144 1110 Atque
1163 1051 1207 1092 in
1233 1050 1316 1093 hoc
1340 1049 1450 1093 illud

80 1130 122 1172 in
150 1130 301 1189 primis
329 1130 411 1173 fuit
437 1129 691 1173 admirabile
721 1147 729 1172 :
758 1146 894 1189 quum
930 1131 1117 1171 maxima
1148 1145 1329 1172 munera
1358 1130 1396 1171 ei
1426 1147 1449 1172 a

79 1208 276 1269 regibus,
307 1219 351 1252 et
378 1209 590 1269 dynastis,
623 1209 958 1268 civitatibusque
984 1207 1311 1263 conferrentur,
1339 1207 1450 1250 nihil

80 1304 273 1347 unquam
303 1290 347 1331 in
379 1288 557 1332 domum
579 1305 700 1331 suam
727 1287 933 1342 contulit,
960 1286 1067 1330 nihil
1097 1287 1148 1330 de
1175 1287 1313 1343 victu,
1342 1286 1451 1330 nihil

81 1367 133 1410 de
158 1368 316 1410 vestitu
343 1370 571 1411 Laconum
598 1367 797 1410 mutavit.
823 1369 968 1410 Domo
990 1366 1141 1409 cadem
1163 1366 1244 1409 fuit
1271 1376 1451 1409 conten-

80 1456 149 1490 tus
173 1463 258 1506 qua
281 1448 595 1507 Eurysthenes,
618 1446 872 1507 progenitor
896 1446 1113 1506 majorum
1134 1462 1332 1501 suorum,
1360 1444 1451 1488 fue-

80 1535 146 1569 rat
174 1543 276 1569 usus
302 1544 310 1569 :
343 1543 473 1586 quam
501 1527 575 1586 qui
610 1527 816 1578 intrarat,
842 1525 1013 1568 nullum
1038 1525 1211 1585 signum
1239 1523 1450 1577 libidinis,

80 1605 250 1649 nullum
279 1605 458 1650 luxuriae
480 1607 624 1650 videre
654 1616 853 1666 poterat3
883 1615 1036 1648 contra
1064 1622 1134 1660 ea,
1167 1604 1355 1664 plurima
1378 1620 1453 1663 pa-

81 1686 242 1729 tientiae
263 1696 394 1746 atque
424 1687 708 1730 abstinentiae.
732 1686 802 1728 Sic
830 1694 923 1727 erat
942 1686 1174 1737 instructa,
1200 1694 1246 1726 ut
1269 1681 1389 1726 nulla
1408 1683 1453 1725 in

82 1780 127 1808 re
150 1764 348 1809 differret
369 1782 392 1808 a
417 1767 605 1826 cujusvis
635 1765 776 1825 inopis
799 1774 928 1824 atque
956 1763 1126 1823 privati.

144 1846 266 1888 VIII.
294 1847 436 1904 Atque
461 1845 532 1888 hic
554 1855 702 1888 tantus
725 1845 814 1899 vir,
836 1853 885 1886 ut
910 1852 1110 1885 naturam
1133 1842 1360 1885 fautricem
1381 1842 1455 1884 ha-

80 1925 233 1967 buerat
253 1925 296 1966 in
325 1924 568 1967 tribuendis
588 1924 722 1967 animi
742 1923 999 1977 virtutibus,
1018 1923 1077 1965 sic
1096 1920 1336 1964 maleficam
1351 1937 1454 1963 nac-

60 2024 62 2026 *
83 2013 151 2046 tus
172 2013 235 2047 est
261 2005 305 2046 in
335 2020 518 2063 corpore
542 2003 760 2063 fingendo.
787 2004 900 2046 Nam
925 2012 966 2044 et
992 2011 1157 2045 staiura
1177 2000 1259 2043 suit
1277 1998 1455 2053 humili,

82 2093 125 2126 et
147 2099 329 2142 corpore
348 2083 527 2144 exiguo,
545 2092 586 2126 et
603 2082 783 2125 claudus
801 2081 938 2125 altero
962 2080 1084 2141 pedc.
1110 2081 1220 2136 Quae
1239 2096 1306 2123 res
1325 2079 1454 2122 etiam

84 2160 341 2205 nonnullam
359 2161 570 2205 afferebat
592 2161 926 2205 deformitatem.
953 2164 1097 2220 Atque
1120 2160 1278 2220 ignoti,
1303 2159 1455 2203 faciem

84 2241 174 2301 ejus
204 2257 341 2300 quum
371 2242 669 2297 intuerentur,
697 2240 1057 2294 contemnebant3
1091 2240 1165 2298 qui
1199 2249 1345 2282 autem
1374 2240 1457 2281 vir-

86 2330 198 2364 tutes
219 2321 564 2375 noverant,'non
589 2328 789 2379 poterant
811 2318 1016 2361 admirari
1036 2319 1152 2361 satis.
1171 2317 1305 2374 Quod
1322 2318 1360 2360 ei
1378 2334 1457 2360 usu

86 2400 221 2456 venit,
238 2416 372 2459 quum
391 2415 606 2442 annorum
627 2399 849 2458 octoginta
865 2396 1057 2440 subsidio
1070 2396 1218 2439 Tacho
1239 2397 1283 2438 in
1301 2397 1460 2456 AEgyp-

86 2489 179 2522 tum
213 2480 335 2534 isset,
370 2488 412 2521 et
448 2479 491 2521 in
526 2488 620 2521 acta
663 2494 763 2520 cum
803 2478 890 2520 suis
919 2476 1213 2531 accubuisset,
1243 2476 1335 2518 sine
1369 2473 1457 2518 ullo

88 2568 230 2613 tect03
253 2568 527 2617 stratumque
547 2557 728 2600 haberet
751 2555 835 2599 tale
861 2566 906 2598 ut
932 2565 1047 2598 terra
1071 2564 1185 2597 tecta
1213 2564 1325 2597 esset
1351 2563 1459 2597 stra-

89 2639 264 2694 mentis,
289 2654 429 2698 ncque
447 2638 534 2681 huc
552 2636 739 2697 amplius
760 2653 891 2696 quam
914 2634 1036 2696 pellis
1053 2644 1163 2678 esset
1184 2635 1369 2694 injecta3
1391 2650 1460 2677 eo-
