1859 3310
618 224 916 259 ALCIBIADES.
1432 234 1449 269 l,
1463 242 1473 262 1

106 306 256 350 studiis
284 324 434 351 eorum
456 308 710 364 inserviissc,
736 316 783 350 ut
807 323 934 350 nemo
959 323 1058 349 eum
1088 306 1235 350 labore
1260 310 1477 367 corporis-

105 403 188 445 que
214 387 377 429 viribus
403 394 546 447 posset
569 386 848 446 aequiparare.
876 388 1038 430 Omnes
1065 386 1180 429 enim
1205 387 1355 429 Boeotii
1387 404 1479 430 ma-

106 466 168 525 gis
216 466 405 509 firmitati
444 466 639 525 corporis
655 499 667 521 ,
711 482 842 525 quam
887 466 1047 526 ingenii
1091 466 1304 521 acumini,
1344 466 1479 509 inser-

104 545 240 588 viunt.
270 544 484 588 Eumdem
516 545 634 606 apud
665 545 1037 602 Lacedaemonios,
1064 562 1253 606 quorum
1288 546 1481 589 moribus

102 640 270 667 summa
298 624 434 667 virtus
459 625 503 667 in
532 625 737 685 patientia
764 625 1022 685 ponebatur,
1054 625 1114 668 sic
1143 624 1312 669 duritiae
1341 642 1384 669 se
1410 625 1482 669 de-

103 703 240 759 disse,
274 713 322 747 ut
350 705 620 764 parcimonia
650 704 788 748 victus
821 714 952 765 atque
985 703 1129 748 cultus
1163 721 1311 748 omnes
1344 707 1481 749 Lace-

103 782 338 827 daemonios
369 784 576 828 vinceret.
607 785 756 828 Fuisse
789 784 907 846 apud
936 784 1153 840 Thracas,
1189 784 1384 827 homines
1417 785 1480 827 vi-

103 861 324 918 nolentos,
349 864 565 924 rebusque
590 865 782 908 venereis
809 863 975 908 deditos
1003 881 1012 908 :
1039 864 1118 907 hos
1141 880 1316 923 quoque
1345 864 1388 906 in
1415 863 1482 906 his

102 943 230 987 rebus
254 944 539 988 antecessisse.
566 945 747 989 Venisse
770 944 825 988 ad
848 947 1019 1002 Persas,
1044 944 1162 1006 apud
1181 960 1291 1004 quos
1315 960 1485 988 summa

104 1023 195 1067 laus
220 1033 329 1067 esset
363 1024 531 1068 fortiter
563 1024 733 1080 venari,
766 1023 985 1068 luxuriose
1016 1024 1161 1068 vivere
1193 1040 1203 1067 z
1233 1022 1394 1066 horum
1425 1023 1485 1066 sic

104 1105 322 1148 imitatum
344 1104 727 1159 consuetudinem,
750 1113 798 1147 ut
819 1103 881 1147 illi
904 1105 987 1165 ipsi
1011 1120 1112 1147 eum
1139 1103 1184 1146 in
1208 1102 1275 1146 his
1297 1103 1485 1146 maxime

103 1185 439 1229 admirarentur.
459 1184 631 1241 Quibus
649 1183 778 1227 rebus
801 1183 1015 1239 effecisse,
1041 1193 1110 1239 ut,
1129 1182 1247 1244 apud
1265 1198 1485 1242 quoscun-

102 1282 188 1326 que
213 1274 344 1322 esset,
372 1265 574 1326 princeps
599 1274 850 1325 poneretur,
878 1264 1199 1324 habereturque
1222 1262 1481 1308 carissimus.

105 1345 190 1391 Sed
215 1345 317 1390 satis
341 1345 394 1389 de
421 1345 505 1390 hoc
533 1362 542 1389 :
567 1344 758 1407 reliquos
784 1344 1021 1389 ordiamur.
