<?xml version="1.0" encoding="UTF-8"?>
<!DOCTYPE html PUBLIC "-//W3C//DTD XHTML 1.0 Transitional//EN"
    "http://www.w3.org/TR/xhtml1/DTD/xhtml1-transitional.dtd">
<html xmlns="http://www.w3.org/1999/xhtml" xml:lang="en" lang="en">
 <head>
  <title>
</title>
<meta http-equiv="Content-Type" content="text/html;charset=utf-8" />
  <meta name='ocr-system' content='tesseract 3.04.00' />
  <meta name='ocr-capabilities' content='ocr_page ocr_carea ocr_par ocr_line ocrx_word'/>
</head>
<body>
  <div class='ocr_page' id='page_1' title='image "./operanepo00nepouoft_0060.png"; bbox 0 0 1859 3310; ppageno 0'>
   <div class='ocr_carea' id='block_1_1' title="bbox 394 197 1747 216">
    <p class='ocr_par' dir='ltr' id='par_1_1' title="bbox 394 197 1747 216">
     <span class='ocr_line' id='line_1_1' title="bbox 394 197 1747 216; baseline -0.007 -1"><span class='ocrx_word' id='word_1_1' title='bbox 394 201 506 216; x_wconf 60' lang='grc' dir='ltr'><em>Μ</em></span> <span class='ocrx_word' id='word_1_2' title='bbox 510 200 880 215; x_wconf 60' lang='lat' dir='ltr'><em>mmmmm</em></span> <span class='ocrx_word' id='word_1_3' title='bbox 884 199 1192 214; x_wconf 63' lang='lat' dir='ltr'>mwbmmuvw</span> <span class='ocrx_word' id='word_1_4' title='bbox 1197 198 1316 212; x_wconf 62' lang='lat' dir='ltr'>mvvvx</span> <span class='ocrx_word' id='word_1_5' title='bbox 1321 199 1378 210; x_wconf 72' lang='grc' dir='ltr'>υννι</span> <span class='ocrx_word' id='word_1_6' title='bbox 1386 197 1747 213; x_wconf 56' lang='lat' dir='ltr'><em>mmmmm</em></span> 
     </span>
    </p>
   </div>
   <div class='ocr_carea' id='block_1_2' title="bbox 1006 376 1136 417">
    <p class='ocr_par' dir='ltr' id='par_1_2' title="bbox 1006 376 1136 417">
     <span class='ocr_line' id='line_1_2' title="bbox 1006 376 1136 417; baseline 0 0"><span class='ocrx_word' id='word_1_7' title='bbox 1006 376 1136 417; x_wconf 84' lang='lat' dir='ltr'>Vlll.</span> 
     </span>
    </p>
   </div>
   <div class='ocr_carea' id='block_1_3' title="bbox 684 565 1435 633">
    <p class='ocr_par' dir='ltr' id='par_1_3' title="bbox 684 565 1435 633">
     <span class='ocr_line' id='line_1_3' title="bbox 684 565 1435 633; baseline 0 0"><span class='ocrx_word' id='word_1_8' title='bbox 684 565 1435 633; x_wconf 83' lang='lat' dir='ltr'><strong>THRASYBULUS.</strong></span> 
     </span>
    </p>
   </div>
   <div class='ocr_carea' id='block_1_4' title="bbox 379 958 1754 2654">
    <p class='ocr_par' dir='ltr' id='par_1_4' title="bbox 379 958 1754 2654">
     <span class='ocr_line' id='line_1_4' title="bbox 386 958 1750 1058; baseline 0 -18"><span class='ocrx_word' id='word_1_9' title='bbox 386 958 769 1054; x_wconf 81' lang='lat' dir='ltr'>THRASYBULUS,</span> <span class='ocrx_word' id='word_1_10' title='bbox 801 998 904 1058; x_wconf 78' lang='lat' dir='ltr'>Lyci</span> <span class='ocrx_word' id='word_1_11' title='bbox 943 995 1076 1053; x_wconf 82' lang='lat' dir='ltr'>filius,</span> <span class='ocrx_word' id='word_1_12' title='bbox 1118 996 1406 1041; x_wconf 84' lang='lat' dir='ltr'>Atheniensis.</span> <span class='ocrx_word' id='word_1_13' title='bbox 1438 998 1480 1040; x_wconf 84' lang='lat' dir='ltr'>Si</span> <span class='ocrx_word' id='word_1_14' title='bbox 1507 1013 1584 1057; x_wconf 84' lang='lat' dir='ltr'>per</span> <span class='ocrx_word' id='word_1_15' title='bbox 1608 1013 1652 1040; x_wconf 89' lang='lat' dir='ltr'>se</span> <span class='ocrx_word' id='word_1_16' title='bbox 1668 997 1750 1040; x_wconf 74' lang='lat' dir='ltr'>vii·-</span> 
     </span>
     <span class='ocr_line' id='line_1_5' title="bbox 384 1076 1747 1138; baseline 0.001 -19"><span class='ocrx_word' id='word_1_17' title='bbox 384 1084 452 1119; x_wconf 89' lang='lat' dir='ltr'>tus</span> <span class='ocrx_word' id='word_1_18' title='bbox 473 1076 563 1120; x_wconf 85' lang='lat' dir='ltr'>sine</span> <span class='ocrx_word' id='word_1_19' title='bbox 579 1076 752 1121; x_wconf 77' lang='lat' dir='ltr'>fortuna</span> <span class='ocrx_word' id='word_1_20' title='bbox 773 1077 1055 1138; x_wconf 78' lang='lat' dir='ltr'>ponderanda</span> <span class='ocrx_word' id='word_1_21' title='bbox 1073 1078 1145 1134; x_wconf 85' lang='lat' dir='ltr'>sit,</span> <span class='ocrx_word' id='word_1_22' title='bbox 1173 1076 1325 1121; x_wconf 83' lang='lat' dir='ltr'>dubito</span> <span class='ocrx_word' id='word_1_23' title='bbox 1345 1093 1401 1121; x_wconf 85' lang='lat' dir='ltr'>an</span> <span class='ocrx_word' id='word_1_24' title='bbox 1417 1077 1535 1121; x_wconf 90' lang='lat' dir='ltr'>hunc</span> <span class='ocrx_word' id='word_1_25' title='bbox 1560 1077 1747 1137; x_wconf 83' lang='lat' dir='ltr'>primum</span> 
     </span>
     <span class='ocr_line' id='line_1_6' title="bbox 384 1154 1752 1217; baseline -0.001 -18"><span class='ocrx_word' id='word_1_26' title='bbox 384 1157 579 1200; x_wconf 89' lang='lat' dir='ltr'>omnium</span> <span class='ocrx_word' id='word_1_27' title='bbox 614 1174 788 1217; x_wconf 85' lang='lat' dir='ltr'>ponam.</span> <span class='ocrx_word' id='word_1_28' title='bbox 817 1156 886 1200; x_wconf 89' lang='lat' dir='ltr'>Illi</span> <span class='ocrx_word' id='word_1_29' title='bbox 916 1158 1007 1201; x_wconf 86' lang='lat' dir='ltr'>sine</span> <span class='ocrx_word' id='word_1_30' title='bbox 1032 1157 1165 1200; x_wconf 89' lang='lat' dir='ltr'>dubio</span> <span class='ocrx_word' id='word_1_31' title='bbox 1195 1158 1413 1204; x_wconf 85' lang='lat' dir='ltr'>neminem</span> <span class='ocrx_word' id='word_1_32' title='bbox 1438 1156 1620 1217; x_wconf 81' lang='lat' dir='ltr'>praefero</span> <span class='ocrx_word' id='word_1_33' title='bbox 1648 1154 1752 1210; x_wconf 85' lang='lat' dir='ltr'>fide,</span> 
     </span>
     <span class='ocr_line' id='line_1_7' title="bbox 384 1235 1748 1298; baseline -0.001 -19"><span class='ocrx_word' id='word_1_34' title='bbox 384 1238 645 1291; x_wconf 80' lang='lat' dir='ltr'>constantia,</span> <span class='ocrx_word' id='word_1_35' title='bbox 665 1237 967 1298; x_wconf 82' lang='lat' dir='ltr'>magnitudine</span> <span class='ocrx_word' id='word_1_36' title='bbox 990 1237 1145 1289; x_wconf 81' lang='lat' dir='ltr'>animi,</span> <span class='ocrx_word' id='word_1_37' title='bbox 1170 1237 1214 1279; x_wconf 89' lang='lat' dir='ltr'>in</span> <span class='ocrx_word' id='word_1_38' title='bbox 1235 1237 1420 1296; x_wconf 81' lang='lat' dir='ltr'>patriam</span> <span class='ocrx_word' id='word_1_39' title='bbox 1449 1252 1609 1279; x_wconf 83' lang='lat' dir='ltr'>amore.</span> <span class='ocrx_word' id='word_1_40' title='bbox 1634 1235 1748 1278; x_wconf 78' lang='lat' dir='ltr'>Nam</span> 
     </span>
     <span class='ocr_line' id='line_1_8' title="bbox 383 1315 1751 1377; baseline 0 -20"><span class='ocrx_word' id='word_1_41' title='bbox 383 1316 501 1373; x_wconf 91' lang='lat' dir='ltr'>quod</span> <span class='ocrx_word' id='word_1_42' title='bbox 521 1315 647 1359; x_wconf 86' lang='lat' dir='ltr'>multi</span> <span class='ocrx_word' id='word_1_43' title='bbox 672 1315 928 1371; x_wconf 78' lang='lat' dir='ltr'>voluerunt,</span> <span class='ocrx_word' id='word_1_44' title='bbox 951 1317 1079 1377; x_wconf 87' lang='lat' dir='ltr'>pauci</span> <span class='ocrx_word' id='word_1_45' title='bbox 1104 1326 1360 1377; x_wconf 79' lang='lat' dir='ltr'>potuerunt,</span> <span class='ocrx_word' id='word_1_46' title='bbox 1385 1316 1437 1360; x_wconf 88' lang='lat' dir='ltr'>ab</span> <span class='ocrx_word' id='word_1_47' title='bbox 1456 1332 1545 1359; x_wconf 92' lang='lat' dir='ltr'>uno</span> <span class='ocrx_word' id='word_1_48' title='bbox 1564 1324 1751 1375; x_wconf 81' lang='lat' dir='ltr'>tyranno</span> 
     </span>
     <span class='ocr_line' id='line_1_9' title="bbox 384 1395 1749 1457; baseline 0.001 -21"><span class='ocrx_word' id='word_1_49' title='bbox 384 1395 571 1452; x_wconf 79' lang='lat' dir='ltr'>patriam</span> <span class='ocrx_word' id='word_1_50' title='bbox 599 1395 803 1448; x_wconf 70' lang='lat' dir='ltr'>liberare3</span> <span class='ocrx_word' id='word_1_51' title='bbox 831 1397 932 1440; x_wconf 85' lang='lat' dir='ltr'>huic</span> <span class='ocrx_word' id='word_1_52' title='bbox 953 1398 1157 1457; x_wconf 73' lang='lat' dir='ltr'>contigit,</span> <span class='ocrx_word' id='word_1_53' title='bbox 1178 1406 1224 1439; x_wconf 86' lang='lat' dir='ltr'>ut</span> <span class='ocrx_word' id='word_1_54' title='bbox 1245 1414 1267 1439; x_wconf 91' lang='lat' dir='ltr'>a</span> <span class='ocrx_word' id='word_1_55' title='bbox 1291 1396 1471 1457; x_wconf 84' lang='lat' dir='ltr'>triginta</span> <span class='ocrx_word' id='word_1_56' title='bbox 1497 1411 1749 1455; x_wconf 83' lang='lat' dir='ltr'>oppressam</span> 
     </span>
     <span class='ocr_line' id='line_1_10' title="bbox 383 1474 1751 1533; baseline 0.002 -18"><span class='ocrx_word' id='word_1_57' title='bbox 383 1475 576 1533; x_wconf 83' lang='lat' dir='ltr'>tyrannis</span> <span class='ocrx_word' id='word_1_58' title='bbox 604 1492 654 1518; x_wconf 79' lang='lat' dir='ltr'>ex</span> <span class='ocrx_word' id='word_1_59' title='bbox 682 1477 888 1520; x_wconf 84' lang='lat' dir='ltr'>servitute</span> <span class='ocrx_word' id='word_1_60' title='bbox 917 1478 961 1520; x_wconf 90' lang='lat' dir='ltr'>in</span> <span class='ocrx_word' id='word_1_61' title='bbox 985 1476 1229 1520; x_wconf 78' lang='lat' dir='ltr'>libertatem</span> <span class='ocrx_word' id='word_1_62' title='bbox 1253 1475 1508 1520; x_wconf 82' lang='lat' dir='ltr'>vindicaret.</span> <span class='ocrx_word' id='word_1_63' title='bbox 1541 1474 1645 1530; x_wconf 90' lang='lat' dir='ltr'>Sed,</span> <span class='ocrx_word' id='word_1_64' title='bbox 1671 1490 1751 1518; x_wconf 80' lang='lat' dir='ltr'>ne-</span> 
     </span>
     <span class='ocr_line' id='line_1_11' title="bbox 383 1554 1754 1616; baseline 0.001 -20"><span class='ocrx_word' id='word_1_65' title='bbox 383 1554 473 1597; x_wconf 86' lang='lat' dir='ltr'>scio</span> <span class='ocrx_word' id='word_1_66' title='bbox 501 1571 586 1614; x_wconf 90' lang='lat' dir='ltr'>quo</span> <span class='ocrx_word' id='word_1_67' title='bbox 616 1555 767 1610; x_wconf 76' lang='lat' dir='ltr'>modo,</span> <span class='ocrx_word' id='word_1_68' title='bbox 794 1573 930 1616; x_wconf 88' lang='lat' dir='ltr'>quum</span> <span class='ocrx_word' id='word_1_69' title='bbox 965 1573 1064 1599; x_wconf 89' lang='lat' dir='ltr'>eum</span> <span class='ocrx_word' id='word_1_70' title='bbox 1092 1571 1220 1599; x_wconf 84' lang='lat' dir='ltr'>nemo</span> <span class='ocrx_word' id='word_1_71' title='bbox 1253 1555 1441 1599; x_wconf 81' lang='lat' dir='ltr'>anteiret</span> <span class='ocrx_word' id='word_1_72' title='bbox 1472 1555 1539 1598; x_wconf 90' lang='lat' dir='ltr'>his</span> <span class='ocrx_word' id='word_1_73' title='bbox 1578 1555 1754 1598; x_wconf 86' lang='lat' dir='ltr'>virtuti-</span> 
     </span>
     <span class='ocr_line' id='line_1_12' title="bbox 381 1633 1754 1696; baseline -0.001 -19"><span class='ocrx_word' id='word_1_74' title='bbox 381 1634 482 1690; x_wconf 87' lang='lat' dir='ltr'>bus,</span> <span class='ocrx_word' id='word_1_75' title='bbox 509 1634 639 1679; x_wconf 90' lang='lat' dir='ltr'>multi</span> <span class='ocrx_word' id='word_1_76' title='bbox 664 1635 890 1679; x_wconf 80' lang='lat' dir='ltr'>nobilitate</span> <span class='ocrx_word' id='word_1_77' title='bbox 908 1645 1299 1696; x_wconf 65' lang='lat' dir='ltr'>praecucurrerunt.</span> <span class='ocrx_word' id='word_1_78' title='bbox 1317 1636 1512 1678; x_wconf 80' lang='lat' dir='ltr'>Primum</span> <span class='ocrx_word' id='word_1_79' title='bbox 1537 1633 1754 1694; x_wconf 87' lang='lat' dir='ltr'>Pelopon-</span> 
     </span>
     <span class='ocr_line' id='line_1_13' title="bbox 381 1713 1752 1775; baseline -0.001 -17"><span class='ocrx_word' id='word_1_80' title='bbox 381 1716 502 1759; x_wconf 89' lang='lat' dir='ltr'>nesio</span> <span class='ocrx_word' id='word_1_81' title='bbox 525 1715 660 1773; x_wconf 85' lang='lat' dir='ltr'>bello,</span> <span class='ocrx_word' id='word_1_82' title='bbox 684 1715 821 1760; x_wconf 75' lang='lat' dir='ltr'>inulta</span> <span class='ocrx_word' id='word_1_83' title='bbox 848 1717 919 1759; x_wconf 89' lang='lat' dir='ltr'>hic</span> <span class='ocrx_word' id='word_1_84' title='bbox 942 1717 1034 1759; x_wconf 86' lang='lat' dir='ltr'>sine</span> <span class='ocrx_word' id='word_1_85' title='bbox 1058 1714 1281 1760; x_wconf 84' lang='lat' dir='ltr'>Alcibiade</span> <span class='ocrx_word' id='word_1_86' title='bbox 1307 1714 1466 1775; x_wconf 75' lang='lat' dir='ltr'>gessit3</span> <span class='ocrx_word' id='word_1_87' title='bbox 1492 1713 1563 1757; x_wconf 74' lang='lat' dir='ltr'>ille</span> <span class='ocrx_word' id='word_1_88' title='bbox 1588 1713 1752 1758; x_wconf 85' lang='lat' dir='ltr'>nullam</span> 
     </span>
     <span class='ocr_line' id='line_1_14' title="bbox 382 1793 1752 1857; baseline -0.001 -18"><span class='ocrx_word' id='word_1_89' title='bbox 382 1812 473 1839; x_wconf 79' lang='lat' dir='ltr'>rem</span> <span class='ocrx_word' id='word_1_90' title='bbox 499 1797 591 1840; x_wconf 89' lang='lat' dir='ltr'>sine</span> <span class='ocrx_word' id='word_1_91' title='bbox 612 1797 695 1840; x_wconf 90' lang='lat' dir='ltr'>hoc</span> <span class='ocrx_word' id='word_1_92' title='bbox 719 1814 728 1840; x_wconf 75' lang='grc' dir='ltr'>ε</span> <span class='ocrx_word' id='word_1_93' title='bbox 755 1814 851 1857; x_wconf 80' lang='lat' dir='ltr'>quae</span> <span class='ocrx_word' id='word_1_94' title='bbox 878 1796 949 1840; x_wconf 90' lang='lat' dir='ltr'>ille</span> <span class='ocrx_word' id='word_1_95' title='bbox 973 1797 1174 1839; x_wconf 83' lang='lat' dir='ltr'>universa</span> <span class='ocrx_word' id='word_1_96' title='bbox 1202 1793 1398 1839; x_wconf 85' lang='lat' dir='ltr'>naturali</span> <span class='ocrx_word' id='word_1_97' title='bbox 1422 1794 1612 1854; x_wconf 85' lang='lat' dir='ltr'>quodam</span> <span class='ocrx_word' id='word_1_98' title='bbox 1635 1794 1752 1837; x_wconf 88' lang='lat' dir='ltr'>bono</span> 
     </span>
     <span class='ocr_line' id='line_1_15' title="bbox 381 1874 1753 1936; baseline -0.001 -18"><span class='ocrx_word' id='word_1_99' title='bbox 381 1875 484 1919; x_wconf 85' lang='lat' dir='ltr'>fecit</span> <span class='ocrx_word' id='word_1_100' title='bbox 507 1875 628 1919; x_wconf 86' lang='lat' dir='ltr'>lucri.</span> <span class='ocrx_word' id='word_1_101' title='bbox 660 1876 744 1920; x_wconf 82' lang='lat' dir='ltr'>Sed</span> <span class='ocrx_word' id='word_1_102' title='bbox 764 1875 837 1920; x_wconf 83' lang='lat' dir='ltr'>illa</span> <span class='ocrx_word' id='word_1_103' title='bbox 865 1886 1010 1920; x_wconf 83' lang='lat' dir='ltr'>tamen</span> <span class='ocrx_word' id='word_1_104' title='bbox 1031 1876 1178 1919; x_wconf 84' lang='lat' dir='ltr'>onmia</span> <span class='ocrx_word' id='word_1_105' title='bbox 1205 1874 1459 1921; x_wconf 86' lang='lat' dir='ltr'>communia</span> <span class='ocrx_word' id='word_1_106' title='bbox 1476 1875 1753 1936; x_wconf 83' lang='lat' dir='ltr'>imperatori-</span> 
     </span>
     <span class='ocr_line' id='line_1_16' title="bbox 380 1955 1749 2017; baseline 0 -19"><span class='ocrx_word' id='word_1_107' title='bbox 380 1956 462 1999; x_wconf 83' lang='lat' dir='ltr'>bus</span> <span class='ocrx_word' id='word_1_108' title='bbox 489 1973 589 1999; x_wconf 85' lang='lat' dir='ltr'>cum</span> <span class='ocrx_word' id='word_1_109' title='bbox 615 1956 824 2000; x_wconf 76' lang='lat' dir='ltr'>militibus</span> <span class='ocrx_word' id='word_1_110' title='bbox 853 1966 894 2001; x_wconf 84' lang='lat' dir='ltr'>et</span> <span class='ocrx_word' id='word_1_111' title='bbox 917 1957 1092 2001; x_wconf 78' lang='lat' dir='ltr'>fortuna</span> <span class='ocrx_word' id='word_1_112' title='bbox 1116 1974 1125 2000; x_wconf 89' lang='lat'>:</span> <span class='ocrx_word' id='word_1_113' title='bbox 1150 1956 1265 2016; x_wconf 88' lang='lat' dir='ltr'>quod</span> <span class='ocrx_word' id='word_1_114' title='bbox 1296 1958 1339 2000; x_wconf 91' lang='lat' dir='ltr'>in</span> <span class='ocrx_word' id='word_1_115' title='bbox 1368 1955 1507 2017; x_wconf 79' lang='lat' dir='ltr'>proelii</span> <span class='ocrx_word' id='word_1_116' title='bbox 1537 1972 1749 1999; x_wconf 81' lang='lat' dir='ltr'>concursu</span> 
     </span>
     <span class='ocr_line' id='line_1_17' title="bbox 382 2035 1750 2097; baseline 0.001 -20"><span class='ocrx_word' id='word_1_117' title='bbox 382 2035 474 2078; x_wconf 86' lang='lat' dir='ltr'>abit</span> <span class='ocrx_word' id='word_1_118' title='bbox 490 2052 557 2079; x_wconf 83' lang='lat' dir='ltr'>res</span> <span class='ocrx_word' id='word_1_119' title='bbox 578 2053 602 2079; x_wconf 86' lang='lat' dir='ltr'>a</span> <span class='ocrx_word' id='word_1_120' title='bbox 629 2036 813 2081; x_wconf 86' lang='lat' dir='ltr'>consilio</span> <span class='ocrx_word' id='word_1_121' title='bbox 837 2037 891 2080; x_wconf 84' lang='lat' dir='ltr'>ad</span> <span class='ocrx_word' id='word_1_122' title='bbox 914 2038 1047 2090; x_wconf 80' lang='lat' dir='ltr'>vires,</span> <span class='ocrx_word' id='word_1_123' title='bbox 1070 2038 1247 2096; x_wconf 85' lang='lat' dir='ltr'>vimque</span> <span class='ocrx_word' id='word_1_124' title='bbox 1271 2038 1576 2097; x_wconf 84' lang='lat' dir='ltr'>pugnantium.</span> <span class='ocrx_word' id='word_1_125' title='bbox 1596 2038 1750 2095; x_wconf 86' lang='lat' dir='ltr'>Itaque</span> 
     </span>
     <span class='ocr_line' id='line_1_18' title="bbox 379 2114 1750 2175; baseline 0.001 -18"><span class='ocrx_word' id='word_1_126' title='bbox 379 2115 476 2175; x_wconf 81' lang='lat' dir='ltr'>jure</span> <span class='ocrx_word' id='word_1_127' title='bbox 509 2131 586 2158; x_wconf 86' lang='lat' dir='ltr'>suo</span> <span class='ocrx_word' id='word_1_128' title='bbox 615 2114 830 2158; x_wconf 88' lang='lat' dir='ltr'>nonnulla</span> <span class='ocrx_word' id='word_1_129' title='bbox 867 2116 920 2158; x_wconf 85' lang='lat' dir='ltr'>ab</span> <span class='ocrx_word' id='word_1_130' title='bbox 954 2117 1217 2175; x_wconf 75' lang='lat' dir='ltr'>imperatore</span> <span class='ocrx_word' id='word_1_131' title='bbox 1252 2115 1389 2167; x_wconf 79' lang='lat' dir='ltr'>miles,</span> <span class='ocrx_word' id='word_1_132' title='bbox 1421 2114 1611 2175; x_wconf 78' lang='lat' dir='ltr'>plurima</span> <span class='ocrx_word' id='word_1_133' title='bbox 1647 2132 1750 2158; x_wconf 84' lang='lat' dir='ltr'>vero</span> 
     </span>
     <span class='ocr_line' id='line_1_19' title="bbox 382 2193 1751 2257; baseline 0.001 -20"><span class='ocrx_word' id='word_1_134' title='bbox 382 2193 558 2238; x_wconf 83' lang='lat' dir='ltr'>fortuna</span> <span class='ocrx_word' id='word_1_135' title='bbox 584 2195 803 2250; x_wconf 85' lang='lat' dir='ltr'>vindicat,</span> <span class='ocrx_word' id='word_1_136' title='bbox 830 2211 960 2255; x_wconf 86' lang='lat' dir='ltr'>seque</span> <span class='ocrx_word' id='word_1_137' title='bbox 995 2195 1064 2238; x_wconf 86' lang='lat' dir='ltr'>hic</span> <span class='ocrx_word' id='word_1_138' title='bbox 1098 2194 1195 2257; x_wconf 81' lang='lat' dir='ltr'>plus</span> <span class='ocrx_word' id='word_1_139' title='bbox 1229 2193 1432 2246; x_wconf 79' lang='lat' dir='ltr'>valuisse,</span> <span class='ocrx_word' id='word_1_140' title='bbox 1468 2211 1597 2253; x_wconf 86' lang='lat' dir='ltr'>quam</span> <span class='ocrx_word' id='word_1_141' title='bbox 1630 2194 1751 2238; x_wconf 85' lang='lat' dir='ltr'>ducis</span> 
     </span>
     <span class='ocr_line' id='line_1_20' title="bbox 380 2273 1748 2335; baseline 0 -18"><span class='ocrx_word' id='word_1_142' title='bbox 380 2273 681 2334; x_wconf 73' lang='lat' dir='ltr'>prudentiam,</span> <span class='ocrx_word' id='word_1_143' title='bbox 706 2292 807 2319; x_wconf 81' lang='lat' dir='ltr'>vere</span> <span class='ocrx_word' id='word_1_144' title='bbox 828 2285 968 2335; x_wconf 86' lang='lat' dir='ltr'>potest</span> <span class='ocrx_word' id='word_1_145' title='bbox 997 2275 1244 2335; x_wconf 73' lang='lat' dir='ltr'>praedicare.</span> <span class='ocrx_word' id='word_1_146' title='bbox 1269 2274 1419 2330; x_wconf 75' lang='lat' dir='ltr'>Quare</span> <span class='ocrx_word' id='word_1_147' title='bbox 1442 2273 1549 2316; x_wconf 90' lang='lat' dir='ltr'>illud</span> <span class='ocrx_word' id='word_1_148' title='bbox 1578 2276 1748 2334; x_wconf 81' lang='lat' dir='ltr'>magni-</span> 
     </span>
     <span class='ocr_line' id='line_1_21' title="bbox 382 2351 1749 2415; baseline -0.001 -18"><span class='ocrx_word' id='word_1_149' title='bbox 382 2353 710 2398; x_wconf 84' lang='lat' dir='ltr'>ficentissimum</span> <span class='ocrx_word' id='word_1_150' title='bbox 748 2354 910 2399; x_wconf 89' lang='lat' dir='ltr'>factum</span> <span class='ocrx_word' id='word_1_151' title='bbox 954 2354 1183 2415; x_wconf 78' lang='lat' dir='ltr'>proprium</span> <span class='ocrx_word' id='word_1_152' title='bbox 1227 2363 1288 2397; x_wconf 79' lang='lat' dir='ltr'>est</span> <span class='ocrx_word' id='word_1_153' title='bbox 1325 2351 1596 2414; x_wconf 83' lang='lat' dir='ltr'>Thrasybuli.</span> <span class='ocrx_word' id='word_1_154' title='bbox 1637 2353 1749 2396; x_wconf 86' lang='lat' dir='ltr'>Nam</span> 
     </span>
     <span class='ocr_line' id='line_1_22' title="bbox 386 2432 1749 2496; baseline -0.002 -18"><span class='ocrx_word' id='word_1_155' title='bbox 386 2451 519 2496; x_wconf 87' lang='lat' dir='ltr'>quum</span> <span class='ocrx_word' id='word_1_156' title='bbox 555 2435 734 2496; x_wconf 82' lang='lat' dir='ltr'>triginta</span> <span class='ocrx_word' id='word_1_157' title='bbox 760 2436 957 2495; x_wconf 77' lang='lat' dir='ltr'>tyranni,</span> <span class='ocrx_word' id='word_1_158' title='bbox 981 2435 1200 2495; x_wconf 79' lang='lat' dir='ltr'>praepositi</span> <span class='ocrx_word' id='word_1_159' title='bbox 1228 2451 1251 2477; x_wconf 89' lang='lat' dir='ltr'>a</span> <span class='ocrx_word' id='word_1_160' title='bbox 1281 2432 1639 2488; x_wconf 78' lang='lat' dir='ltr'>Lacedaemoniis‚</span> <span class='ocrx_word' id='word_1_161' title='bbox 1662 2450 1749 2476; x_wconf 75' lang='lat' dir='ltr'>soi·-</span> 
     </span>
     <span class='ocr_line' id='line_1_23' title="bbox 389 2512 1749 2574; baseline -0.002 -16"><span class='ocrx_word' id='word_1_162' title='bbox 389 2517 526 2560; x_wconf 83' lang='lat' dir='ltr'>vitute</span> <span class='ocrx_word' id='word_1_163' title='bbox 550 2531 774 2574; x_wconf 80' lang='lat' dir='ltr'>oppressas</span> <span class='ocrx_word' id='word_1_164' title='bbox 799 2524 997 2558; x_wconf 77' lang='lat' dir='ltr'>tenerent</span> <span class='ocrx_word' id='word_1_165' title='bbox 1026 2515 1241 2569; x_wconf 84' lang='lat' dir='ltr'>Athenas,</span> <span class='ocrx_word' id='word_1_166' title='bbox 1265 2512 1475 2573; x_wconf 83' lang='lat' dir='ltr'>plurimos</span> <span class='ocrx_word' id='word_1_167' title='bbox 1501 2513 1635 2568; x_wconf 79' lang='lat' dir='ltr'>cives,</span> <span class='ocrx_word' id='word_1_168' title='bbox 1656 2514 1749 2572; x_wconf 84' lang='lat' dir='ltr'>qui-</span> 
     </span>
     <span class='ocr_line' id='line_1_24' title="bbox 398 2592 1747 2654; baseline -0.001 -18"><span class='ocrx_word' id='word_1_169' title='bbox 398 2595 477 2639; x_wconf 85' lang='lat' dir='ltr'>hus</span> <span class='ocrx_word' id='word_1_170' title='bbox 506 2595 550 2637; x_wconf 85' lang='lat' dir='ltr'>in</span> <span class='ocrx_word' id='word_1_171' title='bbox 591 2593 702 2636; x_wconf 83' lang='lat' dir='ltr'>bello</span> <span class='ocrx_word' id='word_1_172' title='bbox 732 2606 981 2654; x_wconf 71' lang='lat' dir='ltr'>pepercerat</span> <span class='ocrx_word' id='word_1_173' title='bbox 1014 2595 1210 2646; x_wconf 68' lang='lat' dir='ltr'>lbrtuna,</span> <span class='ocrx_word' id='word_1_174' title='bbox 1235 2593 1392 2652; x_wconf 73' lang='lat' dir='ltr'>partini</span> <span class='ocrx_word' id='word_1_175' title='bbox 1418 2593 1556 2652; x_wconf 75' lang='lat' dir='ltr'>patria</span> <span class='ocrx_word' id='word_1_176' title='bbox 1570 2592 1747 2653; x_wconf 70' lang='lat' dir='ltr'>expulis-</span> 
     </span>
    </p>
   </div>
  </div>
 </body>
</html>
