1859 3310
594 203 1016 239 OBSERVATIONES.
1417 220 1431 242 1
1441 207 1487 242 85

120 288 240 323 minus
276 287 502 325 monstrifica
539 287 705 335 quaedam
741 286 787 321 de
822 285 953 320 iisdem
986 285 1179 321 tradidisse
1211 300 1219 320 :
1254 289 1487 333 praevalidam

120 349 214 384 hanc
233 350 379 394 urbem,
397 350 648 396 majoremque
661 346 884 393 Carthagine
902 358 1057 393 magna;
1073 353 1248 394 praeterea
1268 359 1313 382 ex
1334 348 1488 384 adverso

120 409 197 455 ejus
218 410 344 453 sitam,
366 418 401 446 et
425 422 543 457 prope
562 409 743 443 immenso
764 414 881 442 tractu
903 408 951 442 ab
969 408 1101 455 Tingi3
1125 420 1277 455 quaeque
1299 408 1369 443 alia
1397 408 1487 443 Cor—

119 472 238 506 nelius
256 473 384 520 Nepos
402 471 611 506 avidissime
635 469 803 504 credidit.
822 485 836 500 »
855 470 939 504 Non
959 469 1113 514 mirum,
1135 470 1165 504 si
1190 470 1404 515 Cornelius,
1427 470 1489 518 qui

119 532 358 580 polygraphis
375 530 671 566 annumerandus
685 529 844 574 videtur,
867 543 945 565 non
968 530 1091 565 omnia
1111 537 1277 566 accurate
1296 531 1380 566 satis
1402 544 1489 579 per-

119 592 250 639 pendit
280 599 315 627 et
345 592 600 639 investigavit,
635 591 684 636 si,
711 591 866 626 nimium
897 589 1015 626 fidens
1048 591 1205 627 aliorum
1230 592 1489 637 relationibus,

120 664 245 687 amore
265 664 388 701 rerum
409 652 636 688 mirabilium
657 659 693 687 et
716 652 797 687 veri
815 651 976 700 quadam
999 652 1118 700 specie
1137 653 1337 700 aliquando
1356 654 1489 701 decep-

119 719 175 747 tus
193 713 271 747 fuit.
292 713 336 748 Id
353 713 475 761 ipsum
492 713 616 749 Plinio
638 725 802 761 quoque,
820 714 883 760 qui
902 721 976 750 tam
996 714 1126 749 acerbe
1145 726 1227 749 eum
1244 715 1376 762 carpit,
1394 727 1489 749 non-

119 786 309 822 nunquam
329 775 520 820 accidisse,
542 775 623 822 quis
643 774 776 822 neget?

170 835 339 870 Poeticen
360 836 521 884 attigisse
545 836 776 880 Cornelium,
796 843 897 883 patet
916 848 935 871 e
954 835 1063 871 Plinii
1081 836 1239 882 junioris
1258 836 1412 884 epistola
1432 848 1488 870 su-

119 908 185 943 pra
209 904 508 932 commemorata.
528 897 704 933 Defendit
728 897 827 933 enim
854 897 892 931 in
916 909 974 941 ea,
1000 897 1165 932 Cornelii
1188 904 1223 932 et
1249 904 1305 932 tot
1331 896 1488 931 aliorum

120 958 313 1004 exemplis,
339 970 441 993 suam
467 959 507 993 in
528 958 733 994 scribendis
760 958 1033 1005 recitandisque
1056 957 1244 993 versiculis
1268 958 1487 992 libertatem.

170 1019 425 1054 Memorantur
453 1020 500 1054 ab
527 1020 727 1054 Ammiano
755 1019 997 1061 illarcellino,
1030 1018 1244 1060 Macrohio,
1274 1018 1487 1060 prisciano,

119 1082 337 1126 Lactantio,
354 1081 538 1128 Epistoloe
567 1080 727 1115 Cornelii
749 1081 803 1115 ad
831 1080 1039 1115 Ciceronem
1064 1087 1100 1114 et
1127 1079 1310 1114 Ciceronis
1333 1080 1387 1113 ad
1405 1079 1490 1114 Cor-

119 1142 278 1185 nelium,
302 1142 468 1189 pluribus
491 1141 594 1176 libris
617 1142 789 1176 collectae.
810 1141 937 1176 Fidem
961 1140 1372 1185 faciunt,intercessisse
1394 1141 1490 1175 inter

119 1203 187 1238 hos
219 1203 319 1239 viros
347 1203 536 1251 quoddam
568 1203 772 1238 litterarum
803 1203 1085 1246 commercium,
1119 1209 1292 1238 constans
1326 1202 1489 1238 Cornelii

119 1265 275 1300 amicitia
309 1277 395 1312 erga
427 1265 606 1310 Atticum,
636 1264 825 1300 Ciceronis
857 1264 1095 1308 familiarem,
1124 1271 1159 1299 et
1186 1264 1299 1311 ipsius
1327 1263 1489 1299 Cornelii

120 1325 232 1362 verba
254 1326 300 1362 de
327 1326 516 1362 Ciceronis
542 1327 589 1362 ad
617 1327 779 1362 Atticum
803 1326 987 1374 epistoliS,
1011 1325 1050 1360 in
1075 1326 1152 1361 vita
1175 1326 1308 1369 Attici,
1329 1338 1406 1373 cap.
1432 1325 1488 1360 16.

119 1388 296 1436 Egregius
321 1389 430 1424 etiam
461 1388 562 1424 testis
587 1395 641 1424 est
671 1389 882 1431 Suetonius,
908 1388 970 1435 qui
999 1387 1039 1421 in
1064 1387 1139 1422 vita
1166 1388 1206 1422 C.
1232 1387 1319 1422 Julii
1341 1386 1490 1421 Caesaris

120 1450 199 1496 ipsa
237 1443 344 1484 affert
377 1449 564 1485 Ciceronis
600 1449 648 1485 ad
678 1449 892 1485 Cornelium
929 1449 1074 1484 verba:
1104 1465 1119 1481 «
1141 1448 1267 1493 Quid?
1301 1455 1490 1483 oratorum

121 1523 229 1557 quem
253 1510 337 1546 huic
358 1518 561 1558 antepones
589 1524 739 1556 eorum,
766 1511 829 1558 qui
849 1511 942 1545 nihil
965 1510 1063 1546 aliud
1087 1509 1261 1557 egerunt?
1287 1510 1377 1554 Quis
1402 1522 1487 1545 sen—

121 1571 245 1608 tentiis
266 1578 327 1606 aut
349 1572 491 1607 acutior
513 1579 573 1607 aut
595 1572 785 1607 crebrior?
808 1572 898 1616 Quis
920 1571 1044 1606 verbis
1066 1579 1127 1606 aut
1146 1571 1312 1606 ornatior
1333 1578 1393 1606 aut
1415 1571 1489 1606 ele-

121 1632 290 1680 gantior?
304 1649 318 1665 »
340 1633 413 1669 Sed
434 1633 601 1668 eamdem
620 1641 757 1668 sortem
780 1645 963 1680 perpessae
988 1640 1071 1668 sunt
1091 1633 1146 1668 hae
1169 1633 1362 1680 Epistolae,
1381 1644 1491 1679 quam

119 1700 174 1729 tot
199 1694 288 1739 alia,
315 1695 447 1742 quibus
474 1695 672 1742 antiquitas
699 1695 902 1742 gaudebat,
928 1694 1128 1729 volumina.
1154 1695 1387 1730 Conservatae
1410 1693 1490 1728 for—

119 1762 212 1791 tasse
236 1755 386 1791 fuissent
408 1756 596 1792 Ciceronis
621 1756 669 1791 ad
694 1756 909 1791 Cornelium
934 1756 1080 1800 litterae,
1103 1755 1133 1790 si
1157 1755 1281 1790 minor
1305 1754 1402 1789 inter
1428 1766 1490 1789 eos

119 1816 379 1852 intercessisset
404 1817 647 1853 necessitudo.
673 1818 777 1852 Tunc
805 1817 904 1852 enim
931 1830 1009 1852 non
1036 1817 1213 1864 separatis
1240 1817 1344 1852 libris
1369 1815 1491 1859 editae,

120 1879 240 1914 locum
261 1878 506 1915 obtinuissent
523 1881 620 1914 inter
639 1879 829 1915 Ciceronis
847 1879 1020 1927 epistolas
1041 1879 1087 1913 ad
1106 1879 1288 1922 diversos,
1308 1891 1386 1925 quae
1403 1884 1490 1912 aeta-

120 1946 194 1975 tem
216 1940 388 1975 tulerunt.

171 2001 255 2048 Ipse
278 2014 347 2036 nos
370 2001 479 2037 docet
506 2001 722 2046 Cornelius,
746 2015 783 2037 se
805 2015 881 2037 non
903 2002 1087 2037 minorem
1111 2013 1262 2048 operam
1284 1999 1493 2035 adhibuisse

120 2062 159 2096 in
183 2064 347 2098 romanis
368 2063 653 2111 imperatoribus
676 2063 908 2111 exponendis
933 2076 1042 2110 quam
1065 2063 1103 2097 in
1128 2063 1265 2109 graecis.
1300 2061 1366 2096 His
1395 2060 1491 2096 enim

122 2123 244 2159 verbis
263 2124 452 2159 concludit
472 2124 588 2160 vitam
610 2124 808 2160 Annibalis
829 2138 836 2158 :
859 2141 873 2156 «
888 2125 1050 2171 Tempus
1070 2131 1122 2159 est
1142 2123 1248 2170 hujus
1270 2123 1357 2157 libri
1376 2122 1493 2157 facere

121 2183 252 2229 finem,
270 2192 306 2220 et
324 2186 579 2221 Romanorum
599 2185 784 2233 explicare
802 2185 1064 2232 imperatores;
1085 2197 1158 2231 quo
1177 2183 1335 2227 facilius,
1353 2183 1494 2219 collatis

122 2252 361 2293 utrorumque
392 2246 516 2290 factis,
555 2247 617 2293 qui
653 2246 725 2280 viri
761 2246 984 2293 praeferendi
1017 2246 1109 2290 sint,
1146 2245 1263 2292 possit
1296 2244 1493 2290 judicari.»

120 2307 238 2342 Testis
264 2307 373 2342 etiam
401 2314 454 2342 est
476 2307 707 2352 Plutarchus,
729 2307 791 2353 qui
821 2307 860 2341 in
887 2307 971 2341 vitis
1002 2307 1054 2341 M.
1076 2305 1264 2349 Marcelli,
1291 2305 1431 2340 Luculli
1460 2312 1495 2340 et

120 2368 371 2403 Gracchorum
399 2369 570 2409 fratrum,
601 2369 699 2403 hunc
733 2368 871 2403 librum
900 2367 1065 2403 Cornelii
1091 2366 1221 2403 habuit
1247 2373 1331 2401 ante
1357 2368 1492 2402 oculos.

121 2429 193 2464 Sed
214 2430 370 2474 interiit,
394 2437 430 2465 et
449 2436 502 2464 est
524 2429 624 2477 quod
649 2430 834 2474 dubitem,
857 2443 903 2464 an
921 2429 997 2464 vita
1020 2428 1188 2472 Catonis,
1208 2441 1286 2475 quae
1313 2435 1495 2475 superest,

121 2503 190 2537 pro
215 2490 392 2538 particula
413 2491 518 2537 hujus
539 2491 626 2526 libri
646 2491 692 2526 de
715 2491 1000 2539 imperatoribus
1024 2490 1197 2525 habenda
1220 2490 1286 2534 sit3
1315 2488 1352 2522 in
1370 2490 1494 2525 brevi-

121 2560 194 2588 tate
218 2554 316 2589 enim
340 2566 403 2588 sua
428 2554 587 2601 amplior
617 2560 670 2588 est
696 2555 734 2588 in
766 2554 910 2602 scriptis
936 2553 1031 2600 ejus,
1057 2565 1166 2600 quam
1192 2552 1230 2587 in
1252 2552 1362 2588 rebus
1387 2551 1494 2599 gestis

121 2617 390 2652 enumerandis.
