1859 3310
650 245 1015 279 EPAMINONDAS.
1467 249 1512 282 83

155 343 268 375 runt.
298 333 435 391 Hujus
463 345 561 372 casu
587 327 856 387 aliquantum
882 328 1091 372 retardati
1121 339 1220 372 sunt
1241 332 1421 386 Boeotii3
1443 349 1516 374 ne-

155 428 238 471 que
264 421 405 454 tamen
432 409 550 468 prius
574 424 719 467 pugna
746 418 1046 463 excesserunt,
1073 424 1203 468 quam
1230 420 1519 470 repugnantes

157 488 455 549 profligarunt.
500 488 557 530 At
603 487 926 546 Epaminondas
971 504 1107 547 quum
1157 488 1522 532 animadverteret

156 566 426 609 mortiferum
469 581 512 608 se
545 563 704 608 vulnus
739 568 980 626 accepisse,
1017 566 1253 626 simulque,
1289 569 1322 610 si
1359 568 1520 611 ferrum

158 644 274 704 quod
306 661 356 688 ex
380 644 524 688 hastili
553 645 598 687 in
632 661 813 704 corpore
838 655 1103 689 remanserat
1135 647 1405 702 extraxisset,
1434 649 1524 690 ani-

158 740 273 766 mam
310 725 455 767 statim
493 724 752 767 emissurum
773 759 783 776 ,
820 741 955 784 usque
984 742 1034 768 eo
1069 726 1251 768 retinuit
1288 726 1430 785 quoad
1460 743 1525 769 re-

158 803 408 846 nuntiatum
443 814 509 846 est
550 804 702 847 vicisse
741 805 942 847 Boeotios.
978 804 1030 847 Id
1069 815 1299 864 postquam
1335 805 1523 848 audivit:

159 883 325 937 «Satis,
349 883 510 942 inquit,
536 883 647 939 vixi3
672 883 859 926 invictus
881 884 995 926 enim
1017 884 1192 927 morior.
1214 904 1232 924 »
1256 886 1388 940 Tum,
1413 884 1528 927 ferro

161 971 380 1012 extracto,
407 961 634 1004 confestim
661 963 929 1005 exanimatus
958 972 1033 1005 est.

225 1042 278 1084 X.
307 1041 389 1083 Hic
413 1057 592 1083 uxorem
616 1057 840 1099 nunquam
866 1041 1001 1084 duxit.
1031 1043 1083 1083 In
1107 1057 1194 1100 quo
1221 1057 1355 1100 quum
1385 1058 1530 1102 repre—

162 1118 426 1162 henderetur
442 1117 583 1180 [quod
597 1118 756 1162 liberos
774 1136 862 1162 non
873 1118 1161 1183 relinqueret]
1177 1136 1200 1162 a
1218 1119 1442 1180 Pelopida,
1459 1123 1533 1180 qui

162 1196 302 1240 filium
322 1198 511 1242 habebat
532 1198 757 1254 infamem;
778 1197 978 1258 maleque
1002 1215 1101 1242 eum
1125 1200 1169 1241 in
1185 1215 1235 1242 eo
1258 1201 1410 1259 patriae
1431 1217 1535 1243 con-

165 1276 304 1320 sulere
333 1277 498 1321 diceret
521 1295 529 1321 :
549 1297 569 1318 t<
582 1278 717 1334 Vide,
743 1279 905 1338 inquit,
928 1295 981 1321 ne
1000 1288 1047 1321 tu
1070 1280 1192 1339 pejus
1211 1278 1431 1336 consulas,
1461 1280 1535 1339 qui

166 1355 294 1399 talem
319 1373 370 1400 ex
395 1367 436 1401 te
449 1367 600 1402 natum
620 1357 852 1401 relicturus
874 1359 942 1402 sis.
972 1360 1124 1418 Neque
1147 1375 1249 1401 vero
1275 1360 1403 1419 stirps
1430 1360 1536 1403 mihi

166 1446 309 1496 potest
342 1437 515 1492 deesse,
540 1454 729 1497 namque
764 1454 816 1481 ex
846 1454 915 1481 me
943 1448 1090 1481 natam
1121 1437 1320 1498 relinquo
1344 1455 1536 1499 pugnam

168 1518 461 1572 Leuctricam,
493 1534 587 1576 quae
618 1534 706 1560 non
736 1517 866 1561 modo
897 1518 1003 1560 mihi
1031 1528 1264 1577 superstes,
1296 1517 1370 1561 sed
1407 1519 1538 1561 etiam

170 1595 426 1639 immortalis
445 1597 499 1639 sit
518 1613 690 1640 necesse
709 1607 785 1640 est.
803 1598 938 1653 »Quo
956 1606 1170 1655 tempore,
1191 1597 1298 1640 duce
1314 1595 1538 1656 Pelopida,

168 1673 335 1718 exsules
356 1675 526 1718 Thebas
550 1685 843 1735 occuparunt,
868 1685 910 1718 et
925 1675 1174 1735 praesidium
1189 1676 1540 1719 Lacedaemonio-

169 1770 265 1797 rum
292 1771 344 1797 ex
379 1771 478 1798 arce
506 1754 788 1815 expulerunt,
819 1755 1164 1815 Epaminondas,
1191 1755 1401 1815 quamdiu
1427 1756 1542 1800 facta

170 1844 232 1877 est
271 1834 408 1877 caedes
441 1836 625 1891 civium,
655 1836 785 1879 domo
816 1853 858 1879 se
893 1837 1060 1890 tenuit;
1090 1836 1208 1895 quod
1239 1852 1379 1895 neque
1406 1836 1542 1879 malos

173 1913 404 1957 defendere
437 1914 606 1958 volebat
634 1932 775 1975 neque
800 1917 1075 1976 impugnare,
1103 1932 1157 1958 ne
1184 1931 1337 1958 manus
1363 1931 1542 1958 suorum

172 1994 382 2054 sanguine
404 2003 651 2037 cruentaret
677 2012 685 2037 :
708 2011 896 2054 namque
917 2011 1091 2038 omnem
1118 1994 1289 2038 civilem
1316 1995 1543 2037 victoriam

175 2073 390 2116 funestam
418 2074 612 2133 putabat.
634 2074 776 2129 Idem,
803 2083 1036 2134 postquam
1062 2074 1178 2134 apud
1202 2073 1439 2117 Cadmeam
1463 2090 1544 2134 pu-

175 2153 297 2212 gnari
326 2169 426 2196 cum
456 2153 794 2197 Lacedaemoniis
828 2155 976 2214 coepit,
1002 2155 1046 2197 in
1073 2155 1224 2213 primis
1248 2154 1379 2197 stetit.
1403 2154 1545 2212 Hujus

177 2231 229 2274 de
257 2232 489 2274 virtutibus
512 2234 687 2292 vitaque
712 2234 814 2277 satis
838 2235 916 2276 erit
939 2234 1125 2287 dictum,
1152 2234 1185 2276 si
1207 2233 1291 2276 hoc
1313 2249 1447 2276 unum
1473 2233 1547 2275 ad-

174 2313 386 2371 junxerO,
412 2311 531 2370 quod
555 2328 684 2354 nemo
715 2321 784 2355 eat
814 2313 1000 2367 inficias,
1032 2313 1202 2355 Thebas
1236 2321 1277 2354 et
1309 2322 1408 2355 ante
1436 2314 1547 2372 Epa-

176 2390 428 2434 minondam
444 2400 613 2444 natum,
630 2400 673 2433 et
690 2400 787 2450 post
807 2391 898 2450 ejus
917 2392 1141 2434 interitum
1153 2425 1164 2446 ,
1181 2399 1392 2451 perpetuo
1407 2389 1547 2434 alieno

178 2470 372 2530 paruisse
400 2470 602 2529 imperio,
627 2480 778 2513 contra
804 2487 877 2525 ea,
901 2470 1109 2530 quamdiu
1130 2469 1202 2513 ille
1226 2469 1447 2530 praefuerit
1466 2472 1548 2513 rei-

179 2548 383 2610 publicae,
404 2559 534 2609 caput
559 2549 687 2593 fuisse
707 2551 838 2594 totius
861 2551 1040 2595 Graeciae
1062 2567 1070 2593 :
1092 2566 1143 2594 ex
1163 2566 1249 2610 quo
1265 2549 1447 2610 intelligi
1473 2565 1549 2609 po-

183 2638 287 2683 test,
315 2645 452 2672 unum
481 2629 701 2672 hominem
731 2629 867 2689 pluris
895 2646 1026 2689 quam
1057 2631 1275 2673 civitatem
1313 2629 1456 2672 fuisse.

1321 2707 1364 2753 6.
