1859 3310
584 256 942 292 EPAMINONDAS.
1399 270 1447 304 79

81 343 193 402 quit,
221 342 396 398 faciam,
424 357 563 400 neque
591 351 663 384 tua
698 356 846 396 causa,
876 340 950 383 sed
975 356 1070 383 mea
1090 356 1102 395 3
1124 356 1196 395 ne,
1220 340 1253 382 si
1290 340 1368 382 tibi
1394 342 1448 384 sit

79 423 263 482 pecunia
289 422 515 481 adempta,
543 419 699 480 aliquis
723 420 859 477 dicat,
888 420 931 463 id
963 420 1016 464 ad
1041 436 1109 463 me
1131 429 1329 480 ereptum
1351 436 1450 479 per-

78 503 264 556 venisse,
283 500 401 560 quod
420 499 607 543 delatum
633 501 832 560 accipere
856 500 1104 544 noluissem.
1121 519 1141 540 n
1157 501 1194 543 A
1213 516 1300 559 quo
1314 516 1448 559 quum

77 580 315 640 quaesisset,
336 596 423 639 quo
453 596 496 622 se
521 579 677 623 deduci
696 579 845 635 vellet,
866 590 909 623 et
934 579 1006 623 ille
1030 580 1225 625 Athenas
1250 578 1451 634 dixisset;

78 658 326 719 praesidium
357 658 495 715 dedit,
521 669 570 703 ut
596 676 647 702 eo
672 669 769 702 tuto
799 661 1061 720 perveniret.
1092 660 1246 718 Neque
1275 675 1378 702 vero
1409 658 1453 701 id

78 739 179 783 satis
204 739 385 792 habuit;
411 739 486 783 sed
507 741 657 795 etiam,
676 749 725 783 ut
746 739 978 783 inviolatus
1005 741 1049 782 in
1074 756 1229 783 navem
1253 738 1456 782 ascende-

78 828 162 872 ret,
188 835 266 879 per
292 819 527 863 Chabriam
555 819 891 875 Atheniensem,
919 819 972 862 de
1002 836 1089 879 quo
1115 836 1245 879 supra
1270 819 1455 862 mentio-

79 915 177 942 nem
203 898 402 954 fecimus,
427 899 584 942 effecit.
608 900 895 943 Abstinentiae
924 900 1007 942 erit
1033 900 1116 942 hoc
1137 899 1238 941 satis
1263 898 1457 941 testimo-

79 978 213 1021 nium.
253 977 446 1026 Plurima
473 978 648 1038 quidem
677 979 870 1039 proferre
904 994 1157 1039 possemus3
1190 977 1265 1020 sed
1302 976 1453 1020 modus

78 1058 350 1102 adhibendus
372 1068 457 1114 est,
486 1059 693 1117 quoniam
717 1075 804 1101 uno
833 1058 915 1101 hoc
942 1057 1164 1101 volumine
1187 1058 1297 1100 vitas
1320 1055 1459 1100 excel-

79 1137 260 1180 lentium
284 1138 481 1181 virorum
500 1136 762 1181 concludere
786 1138 1113 1193 constituimus,
1133 1154 1321 1197 quorum
1340 1153 1460 1196 sepa-

79 1218 207 1260 ratim
224 1216 374 1261 multis
393 1216 586 1261 millibus
604 1233 812 1261 versuum
834 1216 1082 1277 complures
1100 1218 1336 1277 scriptores
1358 1226 1459 1260 ante

79 1314 158 1341 nos
188 1297 476 1358 explicarunt.

142 1378 195 1421 V.
219 1378 320 1420 Fuit
343 1378 474 1421 etiam
503 1377 710 1434 disertus,
736 1388 783 1421 ut
810 1394 938 1421 nemo
962 1378 1195 1421 Thebanus
1223 1379 1260 1421 ei
1289 1394 1368 1438 par
1393 1394 1460 1421 es-

80 1466 143 1500 set
167 1456 414 1517 eloquentia
443 1474 452 1500 :
479 1474 620 1517 neque
643 1458 788 1501 minus
815 1460 1056 1501 concinnus
1083 1458 1127 1501 in
1153 1458 1367 1501 brevitate
1396 1473 1461 1500 re-

82 1536 348 1596 spondendi,
374 1553 506 1598 quam
538 1538 582 1581 in
614 1548 826 1598 perpetua
848 1539 1046 1581 oratione
1077 1547 1268 1582 ornatus.
1296 1537 1460 1581 Habuit

81 1617 420 1661 obtrectatorem
440 1617 731 1661 Menecliden]
751 1618 985 1677 quemdam
1006 1618 1198 1662 indidem
1214 1618 1394 1674 Thebis,
1419 1628 1461 1663 et

78 1698 376 1742 adversarium
403 1698 447 1741 in
471 1697 821 1741 administranda
846 1697 1071 1758 republica
1087 1734 1098 1752 ‚
1126 1700 1228 1742 satis
1251 1700 1461 1742 exercita-

82 1788 175 1821 tum
201 1778 245 1821 in
267 1777 473 1835 dicendo,
496 1787 546 1821 ut
567 1777 826 1822 Thebanum
842 1778 1014 1821 scilicet.
1032 1778 1233 1839 Namque
1258 1778 1320 1822 illi
1344 1780 1460 1840 genti

81 1857 176 1919 plus
202 1859 314 1902 inest
338 1858 517 1913 virium,
545 1875 677 1918 quam
706 1858 881 1918 ingenii.
910 1860 973 1913 Is,
999 1857 1118 1917 quod
1145 1859 1189 1901 in
1213 1875 1259 1901 re
1284 1857 1460 1903 militari

82 1938 237 1982 florere
260 1937 612 1998 Epaminondam
630 1937 826 1993 videbat,
848 1937 1016 1980 hortari
1034 1936 1198 1981 solebat
1216 1938 1458 1995 Thebanos⁷

83 2030 130 2062 ut
155 2035 306 2079 pacem
333 2017 450 2063 bello
482 2017 771 2074 anteferrent,
800 2034 853 2060 ne
880 2016 995 2061 illius
1030 2017 1303 2078 imperatoris
1330 2035 1458 2078 opera

82 2098 417 2142 desideraretur.
432 2098 546 2142 Huic
562 2097 633 2141 ille
650 2115 658 2140 :
676 2097 858 2154 «Fallis,
879 2098 1042 2158 inquit,
1062 2097 1198 2140 verbo
1212 2099 1325 2142 cives
1343 2108 1463 2151 tuos,

82 2177 200 2239 quod
233 2177 311 2221 hos
338 2194 362 2221 a
385 2176 500 2221 hello
531 2194 712 2233 avocas3
739 2179 816 2222 otii
852 2179 967 2221 enim
999 2178 1176 2221 nomine
1209 2180 1462 2223 servitutem

82 2256 305 2303 concilias.
332 2258 445 2302 Nam
470 2259 640 2317 paritur
666 2275 749 2318 pax
778 2257 906 2301 bello.
932 2260 1086 2317 Itaque
1116 2258 1190 2317 qui
1219 2274 1269 2301 ea
1293 2257 1459 2302 diutina

83 2338 238 2383 volunt
261 2338 366 2395 frui,
394 2337 510 2381 bello
535 2339 758 2381 exercitati
781 2355 872 2381 esse
897 2338 1070 2382 debent.
1098 2339 1268 2394 Quare,
1290 2339 1324 2382 si
1342 2339 1456 2398 prin-

85 2419 201 2478 cipes
222 2419 403 2463 Graeeiae
418 2434 508 2461 esse
531 2416 682 2473 vultis,
707 2418 859 2461 castris
883 2427 947 2461 est
975 2417 1099 2461 vobis
1121 2416 1354 2473 utendum,
1374 2434 1462 2460 non

85 2498 333 2559 palaestra.»
364 2498 485 2541 Idem
512 2496 583 2540 ille
621 2496 888 2541 Meneclides
926 2513 1062 2557 quum
1097 2496 1199 2540 huic
1229 2496 1463 2556 objiceret,

85 2578 202 2638 quod
225 2577 384 2621 liberos
408 2594 497 2620 non
513 2577 693 2620 haberet
710 2611 720 2632 ,
740 2594 880 2638 neque
900 2594 1081 2620 uxorem
1098 2576 1309 2630 duxisset,
1328 2578 1464 2620 maxi-

87 2674 242 2718 meque
275 2657 571 2714 insolentiam,
606 2658 724 2718 quod
758 2658 839 2702 sibi
870 2658 1213 2719 Agamemnonis
1242 2655 1341 2700 belli
1372 2656 1464 2718 glo-
