1859 3310
366 218 399 264 vj
579 216 809 253 CORNELII
835 214 1038 249 NEPOTIS
1068 212 1188 247 VITA
1215 213 1277 246 ET
1307 212 1518 247 SCRIPTA.

365 301 478 344 serit.
509 301 619 345 Nam
648 298 763 358 quod
789 296 1034 339 Ludovicus
1054 296 1205 351 Vives,
1232 295 1302 339 lib.
1319 312 1376 351 ·v,
1400 298 1469 339 De
1500 295 1724 340 tradendis

365 387 624 448 dzkczfflirzis,
653 386 864 445 Nepotem
893 384 951 426 ait
980 383 1032 426 de
1051 384 1197 443 graecis
1218 383 1356 426 solum
1387 383 1569 426 ducibus
1597 385 1726 444 scrip-

366 476 489 530 sisse,
517 474 560 517 id
587 474 685 515 satis
714 470 921 514 refellitur
946 471 1085 514 verbis
1109 473 1290 532 Nepotis
1317 481 1442 515 antea
1467 471 1674 515 adductis.

428 563 464 603 J.
482 562 621 603 Maria
638 561 889 614 Catanaeus‚
914 560 1233 603 Commentario
1261 560 1304 601 in
1328 558 1455 602 Plinii
1481 558 1640 602 librum
1661 575 1724 614 IV,

365 634 485 707 epist.
522 646 604 701 28,
637 662 730 705 quae
767 646 821 689 ad
854 648 1058 690 Severum
1091 648 1248 707 scripta
1277 657 1362 702 est,
1393 648 1521 690 etiam
1556 649 1725 691 Daretis

366 733 539 793 Phrygii
573 734 818 777 Historiam
847 733 1012 778 excidii
1050 734 1193 792 Trojoe
1221 750 1246 777 a
1279 734 1446 794 Nepote
1475 733 1725 778 translatam

365 820 610 863 arbitratur.
650 821 815 881 Nempe
846 820 1011 881 decepit
1046 837 1145 864 eum
1179 820 1369 880 vulgaris
1399 817 1618 878 ἐπιγραφή.
1650 825 1727 866 At-

367 916 509 949 tamen
522 907 647 950 ethic
666 923 778 967 aqua
788 908 919 950 haeret
938 909 1118 964 Vineto‚
1136 909 1249 952 notis
1264 909 1308 951 in
1326 911 1487 952 Auson.
1504 910 1633 970 Idyll.
1649 927 1722 954 vn.

365 993 506 1053 Negat
536 1011 625 1038 esse
654 995 729 1054 qui
759 996 863 1038 certi
900 994 1062 1054 aliquid
1090 994 1141 1038 de
1168 995 1394 1039 tralatione
1418 996 1498 1039 hac
1524 998 1636 1039 ausit
1665 998 1727 1040 as-

366 1081 546 1125 firmare.
573 1083 703 1141 Atqui
725 1098 896 1139 omnes,
921 1083 1077 1142 quibus
1102 1081 1239 1126 ullum
1263 1084 1305 1125 in
1337 1084 1450 1126 hisce
1477 1083 1627 1127 litteris
1657 1085 1727 1143 ju-

367 1168 524 1212 dicium
553 1178 636 1225 est,
673 1171 772 1213 satis
806 1169 956 1213 vident
982 1186 1060 1213 nec
1085 1172 1290 1213 Daretem
1316 1169 1436 1213 illum
1464 1187 1552 1214 esse
1580 1172 1727 1231 genui-

365 1273 491 1310 num,
513 1273 590 1300 nec
614 1256 845 1301 dictionem
870 1259 961 1316 eJus
984 1260 1250 1318 Augusteam
1275 1274 1420 1318 sapere
1444 1268 1631 1315 aetatem,
1654 1260 1726 1303 secl

364 1344 643 1387 recentiorem
669 1345 818 1390 multo.

427 1432 641 1492 Nepotem
667 1444 811 1477 autem
837 1451 861 1477 a
885 1434 1148 1479 Callisthene
1168 1435 1322 1479 liberto
1347 1437 1520 1479 venenis
1551 1452 1725 1496 corrup-

364 1527 482 1575 tum,
528 1522 705 1564 Caesaris
747 1523 932 1582 Augusti
974 1523 1128 1566 obiisse
1167 1539 1274 1580 aevo,
1320 1522 1483 1567 Plinius
1523 1533 1727 1578 testatur,

364 1603 435 1648 lib.
464 1622 532 1663 lx,
561 1625 652 1670 cap.
678 1608 759 1671 393
785 1609 1130 1670 Plutarchusque
1157 1612 1200 1654 in
1226 1610 1434 1667 Lucullo,
1458 1629 1492 1655 c.
1522 1610 1594 1666 [43.

1441 1771 1488 1812 E.
1515 1770 1550 1810 J.
