1859 3310
386 217 433 252 9⁹·
835 209 1060 244 CORNELII
1091 207 1292 243 NEPOTIS

388 299 565 346 rentur;
587 300 751 334 tantum
777 291 914 334 abfuit
936 292 988 334 ab
1014 291 1241 335 insolentia
1265 289 1430 351 gloriae,
1451 300 1500 333 ut
1523 289 1747 333 commise-

389 380 505 414 ratus
543 372 596 414 sit
629 370 845 413 fortunam
873 371 1069 425 Graeciae,
1100 370 1217 429 quod
1249 379 1333 412 tam
1362 368 1488 411 multi
1513 386 1537 411 a
1569 385 1612 411 se
1645 368 1748 410 victi

390 450 494 492 vitio
520 449 861 492 adversariorum
897 448 1213 491 concidissent:
1237 464 1422 507 namque
1451 447 1523 490 illa
1554 445 1750 489 multitu-

389 528 507 582 dine,
526 529 560 570 si
574 542 677 570 sana
697 542 817 569 mens
837 535 969 579 essct,
993 528 1170 570 Graeciae
1191 526 1452 587 supplicium
1472 529 1623 570 Persas
1646 524 1748 568 dare

389 606 592 665 potuisse.
622 604 744 647 Idem
777 621 911 663 quum
941 604 1207 649 adversarios
1237 608 1350 648 intra
1381 606 1537 648 moenia
1567 620 1749 663 compu-

388 684 523 739 lisset,
547 693 590 726 et
614 692 662 725 ut
695 682 957 726 Corinthum
989 695 1262 744 oppugnaret
1288 684 1412 727 multi
1448 685 1748 735 hortarentur,

388 762 562 822 negavit
578 761 622 804 id
637 777 722 804 suae
735 761 888 804 virtuti
902 763 1162 818 convenire,
1186 780 1229 806 se
1249 764 1362 806 enim
1376 779 1474 806 eum
1493 779 1602 818 esse,
1622 762 1749 817 dixit,

389 841 463 899 qui
486 840 541 883 ad
568 839 758 884 officium
784 850 1012 900 peccantes
1033 841 1174 884 redire
1201 851 1394 901 cogeret,
1419 857 1505 883 non
1529 842 1603 900 qui
1623 841 1751 884 urbes

390 918 678 963 nobilissimas
710 929 978 979 expugnaret
1005 920 1197 964 Graeciae.
1224 940 1244 960 α
1261 921 1371 963 Nam
1405 921 1462 975 si,
1494 920 1654 978 inquit,
1679 935 1752 962 eos

389 999 662 1060 exstinguere
688 998 954 1043 voluerimus
977 1000 1052 1059 qui
1074 999 1301 1042 nobiscum
1325 998 1529 1042 adversus
1548 997 1753 1040 barbaros

391 1088 625 1135 steterunt,
649 1079 901 1138 nosmetipsi
922 1095 998 1121 nos
1014 1078 1418 1138 expugnaverimus,
1432 1075 1517 1119 illis
1532 1077 1755 1136 quiescen-

392 1158 532 1213 tibus3
552 1174 638 1217 quo
661 1157 795 1215 facto,
819 1158 909 1201 sine
935 1158 1130 1217 negotio,
1155 1174 1289 1216 quum
1314 1155 1553 1206 voluerint,
1578 1171 1655 1199 nos
1675 1171 1753 1214 op-

393 1237 594 1296 priment.
611 1256 631 1278 >³

454 1317 528 1358 VI.
553 1317 734 1360 Interim
757 1317 913 1360 accidit
933 1316 1006 1359 illa
1030 1316 1250 1361 calamitas
1269 1318 1385 1378 apud
1411 1319 1597 1360 Leuctra
1621 1318 1754 1358 Lace-

393 1395 616 1439 daemoniis
637 1412 646 1438 :
668 1413 753 1455 quo
777 1413 830 1439 ne
851 1396 1244 1456 proficiscerentur,
1265 1414 1400 1456 quum
1421 1413 1444 1439 a
1466 1395 1680 1456 plerisque
1697 1393 1751 1437 ad

394 1475 639 1518 exeundum
658 1486 949 1535 premeretur,
971 1486 1019 1519 ut
1036 1477 1069 1520 si
1087 1477 1137 1519 de
1155 1478 1274 1520 exitu
1290 1476 1520 1531 divinaret,
1541 1475 1657 1517 exire
1675 1490 1754 1516 no-

394 1553 488 1597 luit.
507 1554 648 1611 Idem,
669 1571 804 1615 quum
821 1555 1143 1616 Epaminondas
1165 1558 1365 1616 Spartam
1385 1562 1678 1615 oppugnaret,
1695 1569 1755 1596 es-

394 1643 543 1693 setque
563 1634 654 1677 sine
677 1635 812 1678 muris
832 1635 1060 1694 oppidum,
1088 1634 1217 1679 talem
1243 1652 1286 1678 se
1315 1636 1619 1694 imperatorem
1649 1649 1755 1693 prae-

394 1714 508 1768 buit,
531 1723 577 1756 ut
597 1730 647 1756 eo
663 1722 858 1773 tempore
874 1715 1075 1758 omnibus
1099 1715 1371 1774 apparuerit,
1394 1714 1475 1756 nisi
1499 1712 1569 1755 ille
1586 1712 1755 1767 fuisset,

394 1795 592 1851 Spartam
618 1791 809 1835 futuram
839 1810 926 1836 non
951 1794 1092 1837 fuisse.
1118 1796 1167 1836 In
1194 1784 1280 1853 quo
1309 1793 1483 1853 quidem
1508 1792 1756 1836 discrimine

396 1870 591 1914 celeritas
625 1871 716 1930 ejus
742 1871 911 1915 consilii
945 1872 1071 1915 saluti
1104 1873 1183 1916 fuit
1220 1873 1445 1916 universis.
1476 1873 1591 1916 Nam
1621 1888 1754 1931 quum

394 1948 571 2008 quidam
613 1948 942 2007 adolescentuli,
978 1952 1167 1994 hostium
1208 1952 1393 1994 adventu
1432 1951 1671 2011 perterriti,
1703 1950 1756 1993 ad

393 2028 625 2073 Thebanos
660 2030 929 2090 transfugere
966 2030 1150 2086 vellent,
1186 2041 1229 2074 et
1261 2030 1405 2074 locum
1442 2041 1562 2073 extra
1602 2030 1753 2073 urbem

395 2107 561 2150 editum
586 2109 825 2168 cepissent;
854 2109 1096 2169 Agesilaus,
1122 2111 1197 2169 qui
1227 2111 1638 2170 perniciosissimum
1663 2109 1752 2152 fore

396 2185 586 2243 videret,
622 2188 656 2229 si
693 2187 1042 2231 animadversum
1082 2199 1191 2232 esset
1227 2205 1487 2249 quemquam
1523 2188 1576 2231 ad
1612 2188 1758 2231 hostes

397 2265 664 2326 transfugere
688 2268 856 2323 conari,
883 2284 982 2311 cum
1004 2269 1089 2311 suis
1109 2286 1160 2311 eo
1187 2270 1322 2324 venit,
1345 2278 1495 2327 atque,
1515 2278 1563 2311 ut
1586 2268 1620 2311 si
1643 2268 1758 2310 bono

397 2345 543 2388 animo
572 2345 790 2401 fecissent,
828 2346 1021 2390 laudavit
1054 2348 1283 2391 consilium
1312 2364 1463 2391 eorum
1501 2347 1617 2407 quod
1657 2364 1754 2390 cum

358 2483 363 2489 .
401 2422 545 2467 locum
584 2436 888 2484 occupassent,
909 2436 951 2469 et
977 2443 1020 2470 se
1050 2427 1092 2469 id
1121 2443 1292 2486 quoque
1315 2426 1407 2469 fieri
1441 2427 1595 2469 debere
1623 2427 1761 2468 anim-

398 2501 644 2547 advertisse.
684 2505 752 2547 Sic
793 2504 1139 2549 adolescentulos
1177 2506 1376 2549 simulata
1407 2505 1653 2549 laudatione
1696 2523 1761 2549 re-

400 2583 651 2640 cuperavit,
687 2593 751 2638 et,
792 2582 1009 2643 adjunctis
1038 2585 1089 2627 de
1122 2585 1208 2628 suis
1239 2585 1489 2637 comitibus,
1523 2584 1665 2628 locum
1693 2595 1759 2628 tu-
