<?xml version="1.0" encoding="UTF-8"?>
<!DOCTYPE html PUBLIC "-//W3C//DTD XHTML 1.0 Transitional//EN"
    "http://www.w3.org/TR/xhtml1/DTD/xhtml1-transitional.dtd">
<html xmlns="http://www.w3.org/1999/xhtml" xml:lang="en" lang="en">
 <head>
  <title>
</title>
<meta http-equiv="Content-Type" content="text/html;charset=utf-8" />
  <meta name='ocr-system' content='tesseract 3.04.00' />
  <meta name='ocr-capabilities' content='ocr_page ocr_carea ocr_par ocr_line ocrx_word'/>
</head>
<body>
  <div class='ocr_page' id='page_1' title='image "./operanepo00nepouoft_0261.png"; bbox 0 0 1859 3310; ppageno 0'>
   <div class='ocr_carea' id='block_1_1' title="bbox 246 286 1540 302">
    <p class='ocr_par' dir='ltr' id='par_1_1' title="bbox 246 286 1540 302">
     <span class='ocr_line' id='line_1_1' title="bbox 246 286 1540 302; baseline -0.006 0"><span class='ocrx_word' id='word_1_1' title='bbox 246 286 1221 302; x_wconf 53' lang='lat' dir='ltr'><strong>===xnzmuusnxnvuvvtnmusxmmzwsuun==-===v==v====«uuu=zv==s=</strong></span> <span class='ocrx_word' id='word_1_2' title='bbox 1226 287 1513 298; x_wconf 51' lang='lat' dir='ltr'><strong>*wmsummpss</strong></span> <span class='ocrx_word' id='word_1_3' title='bbox 1519 287 1540 297; x_wconf 70' lang='grc' dir='ltr'><strong>ν,</strong></span> 
     </span>
    </p>
   </div>
   <div class='ocr_carea' id='block_1_2' title="bbox 265 523 1456 596">
    <p class='ocr_par' dir='ltr' id='par_1_2' title="bbox 265 523 1456 596">
     <span class='ocr_line' id='line_1_2' title="bbox 265 523 1456 596; baseline -0.005 0"><span class='ocrx_word' id='word_1_4' title='bbox 265 530 385 596; x_wconf 89' lang='lat' dir='ltr'><strong>AD</strong></span> <span class='ocrx_word' id='word_1_5' title='bbox 447 525 973 594; x_wconf 88' lang='lat' dir='ltr'>CORNELIUM</span> <span class='ocrx_word' id='word_1_6' title='bbox 1030 523 1456 592; x_wconf 87' lang='lat' dir='ltr'>NEPOTEM</span> 
     </span>
    </p>
   </div>
   <div class='ocr_carea' id='block_1_3' title="bbox 662 730 1060 820">
    <p class='ocr_par' dir='ltr' id='par_1_3' title="bbox 662 730 1060 820">
     <span class='ocr_line' id='line_1_3' title="bbox 662 730 1060 820; baseline 0 -4"><span class='ocrx_word' id='word_1_7' title='bbox 662 730 1060 820; x_wconf 84' lang='lat' dir='ltr'><strong>NOTAE.</strong></span> 
     </span>
    </p>
   </div>
   <div class='ocr_carea' id='block_1_4' title="bbox 517 1215 1207 1245">
    <p class='ocr_par' dir='ltr' id='par_1_4' title="bbox 517 1215 1207 1245">
     <span class='ocr_line' id='line_1_4' title="bbox 517 1215 1207 1245; baseline -0.004 0"><span class='ocrx_word' id='word_1_8' title='bbox 517 1217 566 1244; x_wconf 86' lang='lat' dir='ltr'><strong>IN</strong></span> <span class='ocrx_word' id='word_1_9' title='bbox 603 1215 823 1245; x_wconf 84' lang='lat' dir='ltr'>AUCTORIS</span> <span class='ocrx_word' id='word_1_10' title='bbox 857 1215 1207 1245; x_wconf 79' lang='lat' dir='ltr'><strong>PRAEFATIONEM.</strong></span> 
     </span>
    </p>
   </div>
   <div class='ocr_carea' id='block_1_5' title="bbox 174 1314 1557 1856">
    <p class='ocr_par' dir='ltr' id='par_1_5' title="bbox 174 1314 1555 1609">
     <span class='ocr_line' id='line_1_5' title="bbox 231 1314 1554 1364; baseline -0.002 -13"><span class='ocrx_word' id='word_1_11' title='bbox 231 1317 400 1352; x_wconf 83' lang='lat' dir='ltr'><em>Sororem</em></span> <span class='ocrx_word' id='word_1_12' title='bbox 420 1328 654 1364; x_wconf 76' lang='lat' dir='ltr'><em>germanam.</em></span> <span class='ocrx_word' id='word_1_13' title='bbox 683 1315 800 1359; x_wconf 83' lang='lat' dir='ltr'>Quasi</span> <span class='ocrx_word' id='word_1_14' title='bbox 827 1327 872 1350; x_wconf 89' lang='lat' dir='ltr'><strong>ex</strong></span> <span class='ocrx_word' id='word_1_15' title='bbox 901 1314 1035 1350; x_wconf 89' lang='lat' dir='ltr'><strong>eodem</strong></span> <span class='ocrx_word' id='word_1_16' title='bbox 1059 1314 1227 1362; x_wconf 77' lang='lat' dir='ltr'><em>germine</em></span> <span class='ocrx_word' id='word_1_17' title='bbox 1250 1314 1436 1362; x_wconf 81' lang='lat' dir='ltr'><strong>genitam,</strong></span> <span class='ocrx_word' id='word_1_18' title='bbox 1466 1314 1554 1350; x_wconf 86' lang='lat' dir='ltr'><strong>dicit</strong></span> 
     </span>
     <span class='ocr_line' id='line_1_6' title="bbox 176 1376 1553 1428; baseline -0.002 -14"><span class='ocrx_word' id='word_1_19' title='bbox 176 1379 316 1414; x_wconf 88' lang='lat' dir='ltr'><strong>Festus.</strong></span> <span class='ocrx_word' id='word_1_20' title='bbox 350 1377 422 1412; x_wconf 88' lang='lat' dir='ltr'><strong>Hic</strong></span> <span class='ocrx_word' id='word_1_21' title='bbox 448 1383 642 1428; x_wconf 67' lang='grc' dir='ltr'>ὁμοπάτριον</span> <span class='ocrx_word' id='word_1_22' title='bbox 675 1384 804 1422; x_wconf 85' lang='lat' dir='ltr'><strong>sonat,</strong></span> <span class='ocrx_word' id='word_1_23' title='bbox 838 1377 876 1412; x_wconf 89' lang='lat' dir='ltr'><strong>id</strong></span> <span class='ocrx_word' id='word_1_24' title='bbox 905 1383 981 1422; x_wconf 87' lang='lat' dir='ltr'><strong>est,</strong></span> <span class='ocrx_word' id='word_1_25' title='bbox 1006 1377 1140 1412; x_wconf 89' lang='lat' dir='ltr'><strong>eodem</strong></span> <span class='ocrx_word' id='word_1_26' title='bbox 1168 1383 1292 1425; x_wconf 83' lang='lat' dir='ltr'><strong>patre,</strong></span> <span class='ocrx_word' id='word_1_27' title='bbox 1319 1376 1384 1412; x_wconf 88' lang='lat' dir='ltr'><strong>sed</strong></span> <span class='ocrx_word' id='word_1_28' title='bbox 1408 1376 1553 1412; x_wconf 87' lang='lat' dir='ltr'><strong>diversa</strong></span> 
     </span>
     <span class='ocr_line' id='line_1_7' title="bbox 176 1438 1555 1486; baseline -0.001 -12"><span class='ocrx_word' id='word_1_29' title='bbox 176 1446 293 1474; x_wconf 83' lang='lat' dir='ltr'><strong>matre</strong></span> <span class='ocrx_word' id='word_1_30' title='bbox 329 1446 466 1475; x_wconf 84' lang='lat' dir='ltr'><strong>natam.</strong></span> <span class='ocrx_word' id='word_1_31' title='bbox 497 1439 558 1474; x_wconf 87' lang='lat' dir='ltr'><strong>Sic</strong></span> <span class='ocrx_word' id='word_1_32' title='bbox 587 1439 686 1486; x_wconf 83' lang='lat' dir='ltr'><strong>apud</strong></span> <span class='ocrx_word' id='word_1_33' title='bbox 712 1438 882 1482; x_wconf 90' lang='lat' dir='ltr'><strong>Livium,</strong></span> <span class='ocrx_word' id='word_1_34' title='bbox 914 1439 978 1473; x_wconf 89' lang='lat' dir='ltr'><strong>lib.</strong></span> <span class='ocrx_word' id='word_1_35' title='bbox 1016 1451 1082 1483; x_wconf 82' lang='lat' dir='ltr'><strong>XL,</strong></span> <span class='ocrx_word' id='word_1_36' title='bbox 1110 1451 1189 1486; x_wconf 85' lang='lat' dir='ltr'><strong>cap.</strong></span> <span class='ocrx_word' id='word_1_37' title='bbox 1224 1439 1266 1484; x_wconf 91' lang='lat'><strong>8,</strong></span> <span class='ocrx_word' id='word_1_38' title='bbox 1292 1439 1484 1486; x_wconf 82' lang='lat' dir='ltr'><strong>Philippus</strong></span> <span class='ocrx_word' id='word_1_39' title='bbox 1509 1438 1555 1473; x_wconf 87' lang='lat' dir='ltr'><strong>ad</strong></span> 
     </span>
     <span class='ocr_line' id='line_1_8' title="bbox 174 1498 1553 1547; baseline -0.001 -11"><span class='ocrx_word' id='word_1_40' title='bbox 174 1502 323 1536; x_wconf 87' lang='lat' dir='ltr'><strong>Persem</strong></span> <span class='ocrx_word' id='word_1_41' title='bbox 370 1507 407 1535; x_wconf 88' lang='lat' dir='ltr'><strong>et</strong></span> <span class='ocrx_word' id='word_1_42' title='bbox 442 1500 673 1535; x_wconf 83' lang='lat' dir='ltr'><strong>Demetrium</strong></span> <span class='ocrx_word' id='word_1_43' title='bbox 710 1498 808 1535; x_wconf 87' lang='lat' dir='ltr'><strong>filios</strong></span> <span class='ocrx_word' id='word_1_44' title='bbox 845 1501 1022 1547; x_wconf 82' lang='lat' dir='ltr'><strong>loquenS,</strong></span> <span class='ocrx_word' id='word_1_45' title='bbox 1061 1500 1208 1535; x_wconf 88' lang='lat' dir='ltr'><strong>diversa</strong></span> <span class='ocrx_word' id='word_1_46' title='bbox 1243 1507 1362 1536; x_wconf 84' lang='lat' dir='ltr'><strong>matre</strong></span> <span class='ocrx_word' id='word_1_47' title='bbox 1399 1507 1508 1536; x_wconf 90' lang='lat' dir='ltr'><strong>natos</strong></span> <span class='ocrx_word' id='word_1_48' title='bbox 1546 1512 1553 1534; x_wconf 77' lang='grc' dir='ltr'>ε</span> 
     </span>
     <span class='ocr_line' id='line_1_9' title="bbox 176 1561 1374 1609; baseline 0 -12"><span class='ocrx_word' id='word_1_49' title='bbox 176 1579 190 1594; x_wconf 95' lang='lat'>«</span> <span class='ocrx_word' id='word_1_50' title='bbox 213 1562 427 1598; x_wconf 83' lang='lat' dir='ltr'><strong>Subituram</strong></span> <span class='ocrx_word' id='word_1_51' title='bbox 454 1561 562 1597; x_wconf 90' lang='lat' dir='ltr'><strong>vobis</strong></span> <span class='ocrx_word' id='word_1_52' title='bbox 592 1562 795 1609; x_wconf 85' lang='lat' dir='ltr'><strong>aliquando</strong></span> <span class='ocrx_word' id='word_1_53' title='bbox 823 1562 1079 1609; x_wconf 77' lang='lat' dir='ltr'><strong>germanitatis</strong></span> <span class='ocrx_word' id='word_1_54' title='bbox 1099 1562 1330 1597; x_wconf 83' lang='lat' dir='ltr'><strong>memoriam.</strong></span> <span class='ocrx_word' id='word_1_55' title='bbox 1359 1578 1374 1593; x_wconf 85' lang='lat'>»</span> 
     </span>
    </p>

    <p class='ocr_par' dir='ltr' id='par_1_6' title="bbox 174 1623 1557 1856">
     <span class='ocr_line' id='line_1_10' title="bbox 228 1623 1555 1672; baseline 0 -15"><span class='ocrx_word' id='word_1_56' title='bbox 228 1624 464 1672; x_wconf 78' lang='lat' dir='ltr'><strong>Magnitudo.</strong></span> <span class='ocrx_word' id='word_1_57' title='bbox 501 1623 547 1658; x_wconf 93' lang='lat' dir='ltr'><strong>Id</strong></span> <span class='ocrx_word' id='word_1_58' title='bbox 581 1631 652 1667; x_wconf 89' lang='lat' dir='ltr'><strong>est,</strong></span> <span class='ocrx_word' id='word_1_59' title='bbox 684 1630 724 1658; x_wconf 90' lang='lat' dir='ltr'><strong>ut</strong></span> <span class='ocrx_word' id='word_1_60' title='bbox 760 1623 984 1670; x_wconf 89' lang='lat' dir='ltr'><strong>quibusdam</strong></span> <span class='ocrx_word' id='word_1_61' title='bbox 1018 1623 1184 1668; x_wconf 87' lang='lat' dir='ltr'><strong>videtur,</strong></span> <span class='ocrx_word' id='word_1_62' title='bbox 1209 1624 1342 1659; x_wconf 89' lang='lat' dir='ltr'><strong>modus</strong></span> <span class='ocrx_word' id='word_1_63' title='bbox 1376 1629 1412 1659; x_wconf 87' lang='lat' dir='ltr'><strong>et</strong></span> <span class='ocrx_word' id='word_1_64' title='bbox 1441 1635 1555 1670; x_wconf 84' lang='lat' dir='ltr'><strong>parva</strong></span> 
     </span>
     <span class='ocr_line' id='line_1_11' title="bbox 174 1684 1557 1732; baseline -0.001 -12"><span class='ocrx_word' id='word_1_65' title='bbox 174 1696 358 1720; x_wconf 87' lang='lat' dir='ltr'><strong>mensura.</strong></span> <span class='ocrx_word' id='word_1_66' title='bbox 386 1685 502 1720; x_wconf 87' lang='lat' dir='ltr'><strong>Sensu</strong></span> <span class='ocrx_word' id='word_1_67' title='bbox 524 1691 649 1720; x_wconf 88' lang='lat' dir='ltr'><strong>tamen</strong></span> <span class='ocrx_word' id='word_1_68' title='bbox 667 1685 823 1731; x_wconf 88' lang='lat' dir='ltr'><strong>proprio</strong></span> <span class='ocrx_word' id='word_1_69' title='bbox 850 1697 925 1720; x_wconf 87' lang='lat' dir='ltr'><strong>vox</strong></span> <span class='ocrx_word' id='word_1_70' title='bbox 946 1698 988 1720; x_wconf 87' lang='lat' dir='ltr'><strong>ea</strong></span> <span class='ocrx_word' id='word_1_71' title='bbox 1007 1685 1165 1732; x_wconf 86' lang='lat' dir='ltr'><strong>intelligi</strong></span> <span class='ocrx_word' id='word_1_72' title='bbox 1188 1692 1333 1732; x_wconf 89' lang='lat' dir='ltr'><strong>posset,</strong></span> <span class='ocrx_word' id='word_1_73' title='bbox 1356 1685 1386 1720; x_wconf 91' lang='lat' dir='ltr'><strong>si</strong></span> <span class='ocrx_word' id='word_1_74' title='bbox 1406 1684 1557 1732; x_wconf 91' lang='lat' dir='ltr'><strong>quidem</strong></span> 
     </span>
     <span class='ocr_line' id='line_1_12' title="bbox 176 1745 1557 1793; baseline -0.001 -12"><span class='ocrx_word' id='word_1_75' title='bbox 176 1746 222 1782; x_wconf 90' lang='lat' dir='ltr'><strong>de</strong></span> <span class='ocrx_word' id='word_1_76' title='bbox 246 1745 480 1781; x_wconf 92' lang='lat' dir='ltr'><strong>voluminum</strong></span> <span class='ocrx_word' id='word_1_77' title='bbox 508 1746 608 1793; x_wconf 83' lang='lat' dir='ltr'><strong>apud</strong></span> <span class='ocrx_word' id='word_1_78' title='bbox 636 1753 779 1782; x_wconf 84' lang='lat' dir='ltr'><strong>veteres</strong></span> <span class='ocrx_word' id='word_1_79' title='bbox 814 1759 988 1782; x_wconf 87' lang='lat' dir='ltr'><strong>mensura</strong></span> <span class='ocrx_word' id='word_1_80' title='bbox 1013 1746 1107 1781; x_wconf 90' lang='lat' dir='ltr'><strong>nihil</strong></span> <span class='ocrx_word' id='word_1_81' title='bbox 1143 1747 1234 1784; x_wconf 89' lang='lat' dir='ltr'><strong>certi</strong></span> <span class='ocrx_word' id='word_1_82' title='bbox 1265 1747 1486 1792; x_wconf 84' lang='lat' dir='ltr'><strong>habeamus,</strong></span> <span class='ocrx_word' id='word_1_83' title='bbox 1523 1753 1557 1781; x_wconf 89' lang='lat' dir='ltr'><strong>et</strong></span> 
     </span>
     <span class='ocr_line' id='line_1_13' title="bbox 177 1807 1024 1856; baseline 0 -13"><span class='ocrx_word' id='word_1_84' title='bbox 177 1821 261 1856; x_wconf 85' lang='lat' dir='ltr'><strong>pars</strong></span> <span class='ocrx_word' id='word_1_85' title='bbox 280 1807 430 1854; x_wconf 84' lang='lat' dir='ltr'><strong>hujusce</strong></span> <span class='ocrx_word' id='word_1_86' title='bbox 454 1808 544 1843; x_wconf 89' lang='lat' dir='ltr'><strong>libri</strong></span> <span class='ocrx_word' id='word_1_87' title='bbox 567 1808 755 1856; x_wconf 86' lang='lat' dir='ltr'><strong>posterior</strong></span> <span class='ocrx_word' id='word_1_88' title='bbox 780 1808 1024 1844; x_wconf 86' lang='lat' dir='ltr'><strong>desideretur.</strong></span> 
     </span>
    </p>
   </div>
   <div class='ocr_carea' id='block_1_6' title="bbox 691 1926 1044 1955">
    <p class='ocr_par' dir='ltr' id='par_1_7' title="bbox 691 1926 1044 1955">
     <span class='ocr_line' id='line_1_14' title="bbox 691 1926 1044 1955; baseline 0 -2"><span class='ocrx_word' id='word_1_89' title='bbox 691 1927 739 1954; x_wconf 87' lang='lat' dir='ltr'><strong>IN</strong></span> <span class='ocrx_word' id='word_1_90' title='bbox 764 1926 1044 1955; x_wconf 85' lang='lat' dir='ltr'><strong>MILTIADEM.</strong></span> 
     </span>
    </p>
   </div>
   <div class='ocr_carea' id='block_1_7' title="bbox 180 2024 1561 2750">
    <p class='ocr_par' dir='ltr' id='par_1_8' title="bbox 180 2024 1558 2196">
     <span class='ocr_line' id='line_1_15' title="bbox 232 2024 1556 2073; baseline 0.001 -15"><span class='ocrx_word' id='word_1_91' title='bbox 232 2024 356 2058; x_wconf 54' lang='lat' dir='ltr'><em>capm-</em></span> <span class='ocrx_word' id='word_1_92' title='bbox 385 2024 414 2058; x_wconf 94' lang='grc' dir='ltr'><strong>Ι.</strong></span> <span class='ocrx_word' id='word_1_93' title='bbox 442 2025 620 2071; x_wconf 76' lang='lat' dir='ltr'><strong>Delphos.</strong></span> <span class='ocrx_word' id='word_1_94' title='bbox 644 2025 801 2073; x_wconf 81' lang='lat' dir='ltr'><strong>Delphi,</strong></span> <span class='ocrx_word' id='word_1_95' title='bbox 825 2026 913 2060; x_wconf 84' lang='lat' dir='ltr'><strong>urbs</strong></span> <span class='ocrx_word' id='word_1_96' title='bbox 944 2025 1139 2069; x_wconf 85' lang='lat' dir='ltr'><strong>Phocidis,</strong></span> <span class='ocrx_word' id='word_1_97' title='bbox 1167 2025 1206 2060; x_wconf 87' lang='lat' dir='ltr'><strong>in</strong></span> <span class='ocrx_word' id='word_1_98' title='bbox 1237 2025 1361 2059; x_wconf 85' lang='lat' dir='ltr'><strong>media</strong></span> <span class='ocrx_word' id='word_1_99' title='bbox 1386 2025 1556 2060; x_wconf 83' lang='lat' dir='ltr'><strong>Parnassi</strong></span> 
     </span>
     <span class='ocr_line' id='line_1_16' title="bbox 180 2086 1558 2133; baseline 0.002 -14"><span class='ocrx_word' id='word_1_100' title='bbox 180 2092 304 2133; x_wconf 88' lang='lat' dir='ltr'><strong>parte,</strong></span> <span class='ocrx_word' id='word_1_101' title='bbox 332 2092 367 2120; x_wconf 88' lang='lat' dir='ltr'><strong>et</strong></span> <span class='ocrx_word' id='word_1_102' title='bbox 392 2086 570 2132; x_wconf 90' lang='lat' dir='ltr'><strong>templum</strong></span> <span class='ocrx_word' id='word_1_103' title='bbox 598 2086 638 2120; x_wconf 91' lang='lat' dir='ltr'><strong>in</strong></span> <span class='ocrx_word' id='word_1_104' title='bbox 669 2086 745 2132; x_wconf 88' lang='lat' dir='ltr'><strong>ejus</strong></span> <span class='ocrx_word' id='word_1_105' title='bbox 772 2087 928 2130; x_wconf 84' lang='lat' dir='ltr'><strong>vertice,</strong></span> <span class='ocrx_word' id='word_1_106' title='bbox 956 2087 1142 2133; x_wconf 85' lang='lat' dir='ltr'><strong>Apollinis</strong></span> <span class='ocrx_word' id='word_1_107' title='bbox 1170 2087 1322 2121; x_wconf 85' lang='lat' dir='ltr'><strong>oraculo</strong></span> <span class='ocrx_word' id='word_1_108' title='bbox 1354 2086 1558 2131; x_wconf 82' lang='lat' dir='ltr'><strong>famosum3</strong></span> 
     </span>
     <span class='ocr_line' id='line_1_17' title="bbox 182 2147 1251 2196; baseline 0.001 -14"><span class='ocrx_word' id='word_1_109' title='bbox 182 2160 262 2195; x_wconf 79' lang='lat' dir='ltr'><strong>quae</strong></span> <span class='ocrx_word' id='word_1_110' title='bbox 287 2147 437 2195; x_wconf 90' lang='lat' dir='ltr'><strong>quidem</strong></span> <span class='ocrx_word' id='word_1_111' title='bbox 460 2155 496 2183; x_wconf 90' lang='lat' dir='ltr'><strong>et</strong></span> <span class='ocrx_word' id='word_1_112' title='bbox 518 2148 638 2196; x_wconf 82' lang='lat' dir='ltr'><strong>Pytho</strong></span> <span class='ocrx_word' id='word_1_113' title='bbox 666 2149 954 2191; x_wconf 85' lang='lat' dir='ltr'><strong>nominabatur;</strong></span> <span class='ocrx_word' id='word_1_114' title='bbox 977 2149 1091 2184; x_wconf 91' lang='lat' dir='ltr'><strong>hodie</strong></span> <span class='ocrx_word' id='word_1_115' title='bbox 1122 2149 1251 2184; x_wconf 76' lang='lat' dir='ltr'><strong>Castri.</strong></span> 
     </span>
    </p>

    <p class='ocr_par' dir='ltr' id='par_1_9' title="bbox 181 2208 1561 2499">
     <span class='ocr_line' id='line_1_18' title="bbox 234 2208 1559 2257; baseline 0.002 -14"><span class='ocrx_word' id='word_1_116' title='bbox 234 2208 487 2244; x_wconf 79' lang='lat' dir='ltr'><strong>Deliberatum</strong></span> <span class='ocrx_word' id='word_1_117' title='bbox 512 2210 618 2244; x_wconf 81' lang='lat' dir='ltr'><strong>missi</strong></span> <span class='ocrx_word' id='word_1_118' title='bbox 636 2218 729 2244; x_wconf 82' lang='lat' dir='ltr'><strong>sunt.</strong></span> <span class='ocrx_word' id='word_1_119' title='bbox 758 2210 864 2244; x_wconf 84' lang='lat' dir='ltr'><strong>Idem</strong></span> <span class='ocrx_word' id='word_1_120' title='bbox 889 2210 1003 2251; x_wconf 86' lang='lat' dir='ltr'><strong>valet,</strong></span> <span class='ocrx_word' id='word_1_121' title='bbox 1031 2223 1072 2244; x_wconf 87' lang='lat' dir='ltr'><strong>ac</strong></span> <span class='ocrx_word' id='word_1_122' title='bbox 1091 2210 1195 2244; x_wconf 89' lang='lat' dir='ltr'><strong>missi</strong></span> <span class='ocrx_word' id='word_1_123' title='bbox 1220 2217 1304 2244; x_wconf 88' lang='lat' dir='ltr'><strong>sunt</strong></span> <span class='ocrx_word' id='word_1_124' title='bbox 1331 2209 1395 2257; x_wconf 90' lang='lat' dir='ltr'><strong>qui</strong></span> <span class='ocrx_word' id='word_1_125' title='bbox 1420 2223 1559 2245; x_wconf 91' lang='lat' dir='ltr'><strong>consu-</strong></span> 
     </span>
     <span class='ocr_line' id='line_1_19' title="bbox 181 2270 1558 2318; baseline 0.001 -14"><span class='ocrx_word' id='word_1_126' title='bbox 181 2270 310 2304; x_wconf 88' lang='lat' dir='ltr'><strong>lerent.</strong></span> <span class='ocrx_word' id='word_1_127' title='bbox 342 2270 402 2305; x_wconf 91' lang='lat' dir='ltr'><strong>Sic</strong></span> <span class='ocrx_word' id='word_1_128' title='bbox 433 2271 570 2304; x_wconf 88' lang='lat' dir='ltr'><strong>Noster</strong></span> <span class='ocrx_word' id='word_1_129' title='bbox 594 2270 634 2304; x_wconf 90' lang='lat' dir='ltr'><strong>in</strong></span> <span class='ocrx_word' id='word_1_130' title='bbox 669 2271 860 2313; x_wconf 57' lang='lat' dir='ltr'><strong>leemist„</strong></span> <span class='ocrx_word' id='word_1_131' title='bbox 893 2283 973 2318; x_wconf 82' lang='lat' dir='ltr'><strong>cap.</strong></span> <span class='ocrx_word' id='word_1_132' title='bbox 1004 2284 1035 2305; x_wconf 90' lang='lat'><strong>11</strong></span> <span class='ocrx_word' id='word_1_133' title='bbox 1070 2285 1077 2305; x_wconf 89' lang='lat'><strong>:</strong></span> <span class='ocrx_word' id='word_1_134' title='bbox 1102 2287 1117 2302; x_wconf 88' lang='lat'>«</span> <span class='ocrx_word' id='word_1_135' title='bbox 1144 2271 1450 2306; x_wconf 84' lang='lat' dir='ltr'><strong>Deliberantibus</strong></span> <span class='ocrx_word' id='word_1_136' title='bbox 1484 2273 1558 2318; x_wconf 83' lang='lat' dir='ltr'><strong>Py-</strong></span> 
     </span>
     <span class='ocr_line' id='line_1_20' title="bbox 183 2330 1557 2379; baseline 0.001 -14"><span class='ocrx_word' id='word_1_137' title='bbox 183 2330 258 2366; x_wconf 78' lang='lat' dir='ltr'><strong>thia</strong></span> <span class='ocrx_word' id='word_1_138' title='bbox 282 2332 497 2378; x_wconf 85' lang='lat' dir='ltr'><strong>respondit,</strong></span> <span class='ocrx_word' id='word_1_139' title='bbox 519 2338 558 2366; x_wconf 88' lang='lat' dir='ltr'><strong>ut</strong></span> <span class='ocrx_word' id='word_1_140' title='bbox 581 2332 765 2366; x_wconf 84' lang='lat' dir='ltr'><strong>moenibus</strong></span> <span class='ocrx_word' id='word_1_141' title='bbox 796 2332 929 2379; x_wconf 79' lang='lat' dir='ltr'><strong>ligneis</strong></span> <span class='ocrx_word' id='word_1_142' title='bbox 954 2344 991 2367; x_wconf 93' lang='lat' dir='ltr'><strong>se</strong></span> <span class='ocrx_word' id='word_1_143' title='bbox 1016 2332 1217 2366; x_wconf 87' lang='lat' dir='ltr'><strong>munirent.</strong></span> <span class='ocrx_word' id='word_1_144' title='bbox 1242 2348 1256 2362; x_wconf 75' lang='grc'><em>»</em></span> <span class='ocrx_word' id='word_1_145' title='bbox 1280 2333 1336 2366; x_wconf 87' lang='lat' dir='ltr'><strong>Ita</strong></span> <span class='ocrx_word' id='word_1_146' title='bbox 1358 2332 1468 2366; x_wconf 87' lang='lat' dir='ltr'><strong>etiam</strong></span> <span class='ocrx_word' id='word_1_147' title='bbox 1494 2332 1557 2366; x_wconf 92' lang='lat' dir='ltr'><strong>Ci-</strong></span> 
     </span>
     <span class='ocr_line' id='line_1_21' title="bbox 181 2392 1561 2438; baseline 0.001 -12"><span class='ocrx_word' id='word_1_148' title='bbox 181 2404 289 2436; x_wconf 79' lang='lat' dir='ltr'><strong>cero,</strong></span> <span class='ocrx_word' id='word_1_149' title='bbox 318 2393 455 2438; x_wconf 83' lang='lat' dir='ltr'><strong>Quaest.</strong></span> <span class='ocrx_word' id='word_1_150' title='bbox 497 2394 664 2436; x_wconf 83' lang='lat' dir='ltr'><strong>Tuscul.,</strong></span> <span class='ocrx_word' id='word_1_151' title='bbox 693 2393 758 2428; x_wconf 89' lang='lat' dir='ltr'><strong>lib.</strong></span> <span class='ocrx_word' id='word_1_152' title='bbox 798 2406 820 2427; x_wconf 87' lang='lat' dir='ltr'>v</span> <span class='ocrx_word' id='word_1_153' title='bbox 854 2407 861 2427; x_wconf 93' lang='lat'>:</span> <span class='ocrx_word' id='word_1_154' title='bbox 894 2393 1054 2428; x_wconf 83' lang='lat' dir='ltr'><strong>«Pueris</strong></span> <span class='ocrx_word' id='word_1_155' title='bbox 1080 2393 1189 2428; x_wconf 83' lang='lat' dir='ltr'><strong>nobis</strong></span> <span class='ocrx_word' id='word_1_156' title='bbox 1221 2394 1287 2428; x_wconf 89' lang='lat' dir='ltr'><strong>Cn.</strong></span> <span class='ocrx_word' id='word_1_157' title='bbox 1327 2392 1495 2428; x_wconf 84' lang='lat' dir='ltr'><strong>Aufidius</strong></span> <span class='ocrx_word' id='word_1_158' title='bbox 1523 2393 1561 2427; x_wconf 93' lang='lat' dir='ltr'><strong>in</strong></span> 
     </span>
     <span class='ocr_line' id='line_1_22' title="bbox 182 2455 1506 2499; baseline 0.002 -11"><span class='ocrx_word' id='word_1_159' title='bbox 182 2461 311 2489; x_wconf 81' lang='lat' dir='ltr'><strong>senatu</strong></span> <span class='ocrx_word' id='word_1_160' title='bbox 337 2455 559 2490; x_wconf 81' lang='lat' dir='ltr'><strong>sententiam</strong></span> <span class='ocrx_word' id='word_1_161' title='bbox 579 2455 744 2499; x_wconf 81' lang='lat' dir='ltr'><strong>dicebat,</strong></span> <span class='ocrx_word' id='word_1_162' title='bbox 771 2468 840 2490; x_wconf 86' lang='lat' dir='ltr'><strong>nec</strong></span> <span class='ocrx_word' id='word_1_163' title='bbox 861 2455 987 2490; x_wconf 80' lang='lat' dir='ltr'><strong>amicis</strong></span> <span class='ocrx_word' id='word_1_164' title='bbox 1010 2455 1303 2490; x_wconf 87' lang='lat' dir='ltr'><strong>deliberantibus</strong></span> <span class='ocrx_word' id='word_1_165' title='bbox 1329 2455 1466 2490; x_wconf 79' lang='lat' dir='ltr'><strong>deerat.</strong></span> <span class='ocrx_word' id='word_1_166' title='bbox 1492 2471 1506 2486; x_wconf 70' lang='grc' dir='ltr'>υ</span> 
     </span>
    </p>

    <p class='ocr_par' dir='ltr' id='par_1_10' title="bbox 183 2517 1561 2626">
     <span class='ocr_line' id='line_1_23' title="bbox 235 2517 1561 2564; baseline 0.001 -14"><span class='ocrx_word' id='word_1_167' title='bbox 235 2518 428 2552; x_wconf 83' lang='lat' dir='ltr'><strong>Lemnum.</strong></span> <span class='ocrx_word' id='word_1_168' title='bbox 448 2519 610 2553; x_wconf 88' lang='lat' dir='ltr'><strong>Lemnos</strong></span> <span class='ocrx_word' id='word_1_169' title='bbox 625 2545 635 2563; x_wconf 90' lang='lat'>‚</span> <span class='ocrx_word' id='word_1_170' title='bbox 661 2517 779 2552; x_wconf 88' lang='lat' dir='ltr'><strong>insula</strong></span> <span class='ocrx_word' id='word_1_171' title='bbox 801 2517 912 2552; x_wconf 89' lang='lat' dir='ltr'><strong>maris</strong></span> <span class='ocrx_word' id='word_1_172' title='bbox 941 2517 1077 2564; x_wconf 76' lang='lat' dir='ltr'><strong>AEgaei,</strong></span> <span class='ocrx_word' id='word_1_173' title='bbox 1097 2517 1243 2563; x_wconf 86' lang='lat' dir='ltr'><strong>objecta</strong></span> <span class='ocrx_word' id='word_1_174' title='bbox 1264 2517 1448 2561; x_wconf 83' lang='lat' dir='ltr'><strong>Thraciae‚</strong></span> <span class='ocrx_word' id='word_1_175' title='bbox 1474 2529 1561 2552; x_wconf 82' lang='lat' dir='ltr'><strong>ver-</strong></span> 
     </span>
     <span class='ocr_line' id='line_1_24' title="bbox 183 2579 1293 2626; baseline 0.003 -13"><span class='ocrx_word' id='word_1_176' title='bbox 183 2591 242 2614; x_wconf 91' lang='lat' dir='ltr'><strong>sus</strong></span> <span class='ocrx_word' id='word_1_177' title='bbox 266 2586 454 2624; x_wconf 84' lang='lat' dir='ltr'><strong>austrum3</strong></span> <span class='ocrx_word' id='word_1_178' title='bbox 481 2579 594 2615; x_wconf 89' lang='lat' dir='ltr'><strong>hodie</strong></span> <span class='ocrx_word' id='word_1_179' title='bbox 622 2581 783 2622; x_wconf 83' lang='lat' dir='ltr'><strong>Lemno,</strong></span> <span class='ocrx_word' id='word_1_180' title='bbox 809 2586 845 2614; x_wconf 88' lang='lat' dir='ltr'><strong>et</strong></span> <span class='ocrx_word' id='word_1_181' title='bbox 873 2587 1048 2626; x_wconf 88' lang='lat' dir='ltr'><strong>corrupte</strong></span> <span class='ocrx_word' id='word_1_182' title='bbox 1077 2579 1293 2617; x_wconf 81' lang='lat' dir='ltr'><strong>Stnlime&#39;ne.</strong></span> 
     </span>
    </p>

    <p class='ocr_par' dir='ltr' id='par_1_11' title="bbox 184 2640 1556 2750">
     <span class='ocr_line' id='line_1_25' title="bbox 233 2640 1556 2690; baseline -0.001 -14"><span class='ocrx_word' id='word_1_183' title='bbox 233 2642 317 2676; x_wconf 65' lang='lat' dir='ltr'><strong>Cu.</strong></span> <span class='ocrx_word' id='word_1_184' title='bbox 351 2643 398 2676; x_wconf 89' lang='lat'><strong>11.</strong></span> <span class='ocrx_word' id='word_1_185' title='bbox 428 2642 474 2676; x_wconf 82' lang='lat' dir='ltr'><strong>Ue</strong></span> <span class='ocrx_word' id='word_1_186' title='bbox 494 2642 569 2676; x_wconf 79' lang='lat' dir='ltr'><strong>sibi</strong></span> <span class='ocrx_word' id='word_1_187' title='bbox 594 2642 716 2676; x_wconf 73' lang='lat' dir='ltr'><strong>urbem</strong></span> <span class='ocrx_word' id='word_1_188' title='bbox 740 2642 902 2676; x_wconf 78' lang='lat' dir='ltr'><strong>tradant.</strong></span> <span class='ocrx_word' id='word_1_189' title='bbox 930 2641 1115 2690; x_wconf 81' lang='lat' dir='ltr'><strong>Myrinam</strong></span> <span class='ocrx_word' id='word_1_190' title='bbox 1144 2642 1301 2687; x_wconf 74' lang='lat' dir='ltr'><strong>scilicet,</strong></span> <span class='ocrx_word' id='word_1_191' title='bbox 1337 2641 1469 2677; x_wconf 87' lang='lat' dir='ltr'><strong>Lemni</strong></span> <span class='ocrx_word' id='word_1_192' title='bbox 1495 2640 1556 2676; x_wconf 88' lang='lat' dir='ltr'><strong>in-</strong></span> 
     </span>
     <span class='ocr_line' id='line_1_26' title="bbox 184 2703 413 2750; baseline 0.009 -14"><span class='ocrx_word' id='word_1_193' title='bbox 184 2703 267 2737; x_wconf 82' lang='lat' dir='ltr'><strong>sulae</strong></span> <span class='ocrx_word' id='word_1_194' title='bbox 293 2710 413 2750; x_wconf 83' lang='lat' dir='ltr'><strong>caput.</strong></span> 
     </span>
    </p>
   </div>
   <div class='ocr_carea' id='block_1_8' title="bbox 1333 2770 1399 2815">
    <p class='ocr_par' dir='ltr' id='par_1_12' title="bbox 1333 2770 1399 2815">
     <span class='ocr_line' id='line_1_27' title="bbox 1333 2770 1399 2815; baseline -0.015 0"><span class='ocrx_word' id='word_1_195' title='bbox 1333 2770 1399 2815; x_wconf 79' lang='lat'><strong>16.</strong></span> 
     </span>
    </p>
   </div>
  </div>
 </body>
</html>
