1859 3310
510 229 738 264 CORNELII
767 229 975 263 NEPOTIS
1003 229 1172 263 (ΗΜΘΝ.
1466 248 1510 279 27

164 329 367 356 summam
396 311 718 364 liberalitatem,
738 327 939 372 magnam
960 312 1235 371 prudentiam
1261 330 1396 373 quum
1414 314 1519 373 juris

158 392 315 444 civilis,
347 402 437 435 tum
476 391 536 434 rei
571 389 790 447 militaris,
819 391 936 450 quod
972 408 1069 435 cum
1109 402 1231 451 patre
1257 410 1280 435 a
1313 410 1446 453 puero
1469 395 1512 437 in

158 471 417 514 exercitibus
441 469 581 513 fuerat
604 479 811 513 versatus.
834 472 985 530 Itaque
1004 470 1077 514 hic
1097 480 1138 514 et
1164 470 1373 532 populum
1397 471 1524 514 urba-

157 567 260 593 num
278 550 321 591 in
337 565 413 592 sua
434 550 573 592 tenuit
589 558 820 609 potestate,
835 559 878 592 et
890 549 1006 609 apud
1021 550 1257 594 exercitum
1284 549 1519 610 plurimum

160 628 294 672 valuit
330 629 604 672 auctoritate.
644 629 840 672 Primum
855 664 866 684 ,
907 630 1165 690 imperator,
1200 631 1317 691 apud
1363 630 1520 673 flumen

157 710 389 768 Strymona
404 719 584 768 magnas
601 709 748 768 copias
762 709 979 752 Thracum
996 709 1161 771 fugavit
1176 710 1405 771 :oppidum
1421 712 1524 754 Am-

158 787 370 850 phipolim
405 789 651 843 constituit,
685 806 822 850 eoque
852 789 998 833 decem
1028 789 1160 834 millia
1188 792 1521 835 Atheniensium

156 871 200 912 in
225 868 442 912 coloniam
470 869 599 912 misit.
628 868 750 912 Idem
788 869 944 912 iterum
972 870 1090 930 apud
1113 869 1313 930 Mycalen
1345 873 1525 932 Cyprio-

157 965 250 993 rum
267 958 310 992 et
327 949 581 992 Phoenicum
600 948 884 993 ducentarum
912 950 1089 992 navium
1113 948 1289 993 classem
1311 950 1523 994 devictam

156 1030 296 1089 cepit3
317 1028 556 1088 eodemque
578 1027 646 1070 die
664 1028 756 1088 pari
777 1028 950 1071 fortuna
971 1029 1015 1071 in
1037 1037 1152 1072 terra
1171 1045 1273 1072 usus
1293 1038 1355 1071 est
1377 1046 1386 1071 :
1405 1046 1525 1072 nam-

157 1123 241 1166 que
264 1107 454 1150 hostium
481 1107 663 1150 navibus
682 1107 841 1167 captis,
869 1107 1016 1150 statim
1038 1124 1089 1151 ex
1111 1106 1245 1151 classe
1269 1109 1414 1168 copias
1429 1125 1527 1151 suas

160 1185 324 1241 eduxit,
354 1186 641 1230 barbarorum
679 1203 766 1230 uno
799 1204 1014 1231 concursu
1048 1188 1279 1231 maximam
1309 1190 1397 1231 vim
1430 1205 1529 1248 pro-

157 1267 322 1309 stravit.
340 1268 440 1324 Qua
457 1267 639 1311 victoria
659 1283 815 1327 magna
832 1266 975 1327 praeda
996 1268 1178 1327 potitus,
1199 1284 1336 1327 quum
1350 1267 1526 1311 domum

157 1355 467 1403 reverteretur,
498 1347 617 1407 quod
641 1348 732 1407 jam
758 1346 980 1391 nonnullae
1007 1346 1176 1403 insulae,
1202 1358 1380 1407 propter
1407 1364 1528 1390 acer-

157 1426 339 1470 bitatem
357 1427 548 1487 imperii,
573 1427 844 1482 defecerant,
864 1428 973 1470 bene
997 1428 1208 1470 animatas
1232 1426 1527 1481 confirmavit,

156 1504 364 1551 alienatas
394 1507 449 1552 ad
484 1507 676 1551 officium
710 1507 853 1550 redire
888 1507 1043 1567 coegit.
1078 1509 1281 1567 Scyrum,
1314 1523 1444 1566 quam
1478 1523 1529 1550 eo

158 1597 353 1648 tempore
376 1587 568 1648 Dolopes
599 1586 867 1642 incolebant,
892 1586 1011 1647 quod
1038 1588 1340 1630 contumacius
1367 1604 1411 1630 se
1443 1603 1530 1647 ges-

157 1675 331 1722 serant,
345 1667 604 1723 vacuefecit,
625 1683 810 1710 sessores
830 1676 999 1710 veteres
1018 1667 1125 1709 urbe
1144 1665 1372 1726 insulaque
1390 1666 1528 1726 ejecit,

156 1763 282 1808 agros
308 1747 476 1790 civibus
502 1746 663 1790 divisit.
696 1747 899 1800 Thasios,
928 1744 1151 1806 opulentia
1176 1745 1331 1801 fretos,
1357 1762 1435 1789 suo
1459 1745 1531 1788 ad-

156 1837 290 1871 ventu
320 1827 459 1889 fregit.
493 1828 571 1871 His
601 1844 653 1871 ex
682 1827 901 1870 manubiis
936 1842 1013 1869 arx
1046 1826 1339 1882 Athenarum,
1366 1843 1451 1886 qua
1477 1826 1531 1869 ad

157 1907 379 1952 meridiem
401 1909 563 1969 vergit,
589 1917 653 1951 est
680 1916 849 1950 ornata,

219 1991 297 2032 III.
322 1989 496 2046 Quibus
521 1988 651 2032 rebus
678 2004 814 2048 quum
838 2004 951 2031 unus
976 1988 1021 2030 in
1046 1988 1221 2030 civitate
1247 1984 1432 2029 maxime
1455 1986 1532 2028 flo—

156 2079 289 2126 reret,
314 2068 470 2113 incidit
491 2070 536 2112 in
557 2068 753 2112 eamdem
778 2067 988 2110 invidiam
1005 2102 1016 2122 ,
1040 2083 1171 2127 quam
1194 2077 1317 2127 pater
1344 2082 1446 2109 suus
1467 2082 1533 2109 ce-

157 2149 326 2210 terique
358 2149 691 2193 Atheniensium
729 2148 948 2208 principes
974 2164 1107 2191 :nam
1141 2156 1351 2190 testarum
1381 2146 1534 2189 suffra-

159 2230 257 2290 giis,
274 2229 391 2289 quod
412 2228 476 2272 illi
491 2229 795 2272 ostracismum
816 2237 992 2283 vocant,
1008 2227 1159 2271 decem
1184 2244 1402 2270 annorum
1423 2227 1533 2269 exsi-

92 2305 96 2309 ’
157 2309 215 2352 lio
239 2308 450 2352 multatus
473 2318 550 2351 est.
572 2308 709 2367 Cujus
737 2307 837 2350 facti
863 2306 1045 2350 celerius
1066 2307 1374 2359 Athenienses,
1400 2323 1530 2365 quam

159 2391 318 2450 ipsum,
338 2388 555 2449 poenituit.
578 2389 689 2432 Nam
718 2404 855 2446 quum
878 2386 949 2429 ille
973 2386 1075 2429 forti
1101 2387 1249 2428 animo
1270 2386 1443 2428 invidiae
1466 2387 1532 2428 in·-

159 2479 382 2530 gratorum
395 2470 557 2512 civium
575 2468 789 2523 cessisset,
806 2465 1057 2526 bellumque
1068 2465 1384 2509 Lacedaemonii
1407 2466 1534 2509 Athe-

160 2550 383 2594 niensibus
409 2549 693 2602 indixissent3
718 2548 947 2592 confestim
978 2556 1089 2589 nolae
1116 2547 1207 2606 ejus
1232 2546 1404 2589 virtutis
1425 2545 1533 2588 ‹lesi-

160 2631 327 2674 tlerium
357 2640 641 2673 consecutum
674 2639 747 2672 est.
781 2632 933 2688 Itaque
971 2638 1065 2688 post
1104 2644 1265 2669 annum
1306 2626 1532 2685 quintum⁷
