1859 3310
359 214 426 255 146
802 214 1031 249 CORNELII
1063 214 1267 248 NEPOTIS

356 315 475 341 mum
503 298 604 352 fuit,
637 299 694 340 sic
721 296 977 340 familiarum
1007 298 1214 358 originem
1242 296 1484 351 subtexuit,
1513 305 1559 338 ut
1586 312 1635 338 ex
1662 313 1711 339 eo

353 376 569 419 clarorum
593 378 785 419 virorum
812 377 1070 436 propagines
1102 377 1315 437 possimus
1343 391 1613 435 cognoscere.
1639 378 1713 418 Fe-

353 457 409 498 cit
435 456 516 498 hoc
549 454 661 498 idem
690 455 917 514 separatim
948 455 990 496 in
1032 453 1123 497 aliis
1159 454 1276 498 libris
1305 472 1313 497 :
1340 464 1387 498 ut
1413 456 1474 498 M.
1500 455 1623 497 Bruti
1646 470 1714 496 ro-

353 544 453 593 gatu
479 534 651 577 Juniam
683 532 887 576 familiam
918 549 940 575 a
975 534 1107 593 stirpe
1137 534 1189 576 ad
1219 534 1329 577 hanc
1364 543 1529 576 aetatcm
1564 532 1714 576 ordine

352 612 638 666 enumeravit,
664 621 839 666 notans,
868 612 961 671 qui,
997 628 1021 654 a
1055 628 1142 670 quo
1175 622 1318 667 ortus,
1355 630 1462 672 quos
1502 613 1714 667 honores,

352 690 593 749 quibusque
618 690 885 750 temporibus
904 691 1096 750 cepisset.
1117 691 1215 751 Pari
1229 691 1357 734 modo
1372 691 1567 735 Marcelli
1585 690 1714 735 Clau-

352 768 429 823 dii,
454 767 782 824 Marcellorum3
820 770 1032 829 Scipionis
1064 768 1254 812 Cornelii
1288 780 1329 812 et
1370 771 1487 813 Fabii
1516 772 1714 825 Maximi,

351 847 581 890 Fabiorum
610 857 651 890 et
674 846 945 891 AEmiliorum
969 865 1142 908 quoque
1162 865 1170 891 ε
1191 849 1348 908 quibus
1370 847 1489 891 libris
1514 849 1619 892 nihil
1645 867 1717 910 po-

350 936 432 969 test
458 943 547 970 esse
572 925 740 970 dulcius
762 928 833 984 iis,
855 929 928 987 qui
950 926 1136 987 aliquam
1164 927 1444 988 cupiditatem
1463 928 1621 971 habent
1643 945 1717 971 no-

349 1007 452 1049 titiae
477 1005 694 1049 clarorum
720 1007 924 1049 virorum.
952 1007 1107 1067 Attigit
1126 1023 1299 1066 quoque
1324 1008 1520 1067 poeticen
1547 1024 1555 1050 :
1577 1007 1715 1051 credi-

350 1103 471 1142 mus,
493 1103 545 1129 ne
569 1086 660 1146 ejus
686 1102 836 1147 expers
860 1096 969 1129 esset
1004 1088 1238 1130 suavitatis.
1277 1088 1474 1146 Namque
1500 1087 1715 1143 versibus,

350 1167 423 1225 qui
449 1166 615 1209 honore
640 1182 875 1225 rerumque
900 1175 1118 1226 gestarum
1147 1164 1432 1226 amplitudine
1462 1176 1624 1209 ceteros
1653 1183 1718 1209 ro-

350 1245 465 1288 mani
491 1243 643 1305 populi
667 1246 980 1304 praestiterunt,
1001 1246 1219 1305 exposuit3
1246 1246 1324 1301 ita,
1351 1254 1399 1288 ut
1426 1245 1504 1288 sub
1526 1244 1716 1305 singulo-

350 1341 447 1367 rum
465 1324 724 1384 imaginibus
745 1323 856 1367 facta
873 1324 1237 1384 magistratusque
1256 1340 1406 1367 eorum
1422 1341 1510 1367 non
1531 1323 1715 1385 amplius

350 1404 570 1464 quaternis
600 1404 795 1463 quinisve
825 1403 1018 1447 versibus
1050 1404 1324 1464 descripserit
1350 1421 1358 1446 :
1382 1403 1495 1463 quod
1528 1404 1598 1446 vix
1625 1420 1715 1447 cre-

351 1483 540 1526 dendum
566 1483 640 1539 sit,
665 1493 805 1526 tantas
841 1499 908 1527 res
937 1493 1024 1526 tam
1058 1484 1246 1526 breviter
1275 1484 1465 1543 potuisse
1495 1482 1714 1526 declarari.

350 1565 427 1606 Est
445 1563 573 1606 etiam
598 1579 711 1606 unus
735 1562 866 1619 liber,
895 1579 1029 1624 graece
1049 1563 1290 1619 confectus,
1319 1563 1370 1606 de
1394 1560 1621 1606 consulatu
1639 1564 1714 1608 Ci-

350 1643 529 1686 ceronis.
561 1644 802 1698 Hactenus,
826 1644 970 1687 Attico
1002 1644 1120 1698 vivo,
1147 1642 1261 1685 edita
1290 1642 1380 1685 haec
1404 1659 1427 1684 a
1452 1642 1575 1685 nobis
1600 1652 1714 1685 sunt.

414 1723 533 1766 XIX.
557 1722 706 1777 Nunc,
732 1723 939 1781 quoniam
966 1722 1142 1765 fortuna
1169 1738 1246 1766 nos
1277 1722 1529 1782 superstites
1561 1722 1598 1765 ei
1628 1737 1717 1765 esse

350 1799 507 1857 voluit,
548 1800 713 1861 reliqua
750 1818 1077 1862 persequemur,
1110 1812 1172 1857 et,
1213 1811 1425 1861 quantum
1459 1802 1717 1862 poterimus,

349 1897 495 1924 rerum
519 1880 724 1942 exemplis
749 1880 929 1926 lectores
956 1882 1229 1937 docebimus,
1257 1883 1367 1924 sicut
1398 1898 1529 1942 supra
1558 1881 1718 1942 signifi-

350 1961 561 2018 cavimus,
584 1978 717 2005 «suos
746 1963 902 2022 cuique
926 1978 1067 2005 mores
1095 1960 1350 2022 plerumque
1375 1960 1605 2004 conciliare
1630 1961 1716 2004 for-

350 2049 514 2084 tunam.
538 2061 559 2082 »
589 2042 790 2100 Namque
825 2043 894 2085 hic
929 2051 1159 2085 contentus
1193 2041 1344 2084 ordine
1378 2042 1588 2101 equestri,
1629 2057 1715 2101 quo

349 2130 442 2163 erat
461 2129 602 2176 ortus,
628 2122 671 2164 in
699 2120 950 2164 affinitatem
972 2121 1167 2182 pervenit
1191 2121 1460 2181 imperatoris
1490 2121 1590 2164 Divi
1615 2119 1715 2176 filii3

350 2215 486 2258 quum
505 2199 593 2259 jam
615 2210 714 2244 ante
738 2200 1070 2244 familiaritatem
1090 2201 1182 2259 ejus
1199 2210 1308 2244 esset
1321 2210 1577 2244 consecutus
1597 2199 1715 2244 nulla

349 2278 432 2322 alia
455 2296 520 2336 re,
545 2297 675 2340 quam
708 2279 919 2341 elegantia
946 2282 1039 2324 vitae
1055 2315 1066 2337 ,
1096 2297 1181 2341 qua
1205 2291 1368 2326 ceteros
1399 2290 1570 2341 ceperat
1596 2282 1714 2342 prin—

350 2360 464 2419 cipes
490 2360 694 2416 civitatis,
720 2359 929 2420 dignitate
959 2362 1072 2421 pari,
1099 2360 1275 2404 fortuna
1305 2359 1546 2403 humiliore.
1574 2362 1713 2403 Tanta

350 2440 463 2482 enim
486 2441 747 2500 prosperitas
768 2442 980 2485 Caesarem
1000 2457 1099 2484 eum
1119 2451 1183 2484 est
1208 2450 1457 2494 consecuta,
1476 2449 1524 2482 ut
1551 2439 1652 2482 nihil
1674 2441 1711 2483 ei

352 2534 438 2560 non
463 2519 663 2563 tribuerit
688 2519 861 2564 fortuna
878 2555 889 2577 ,
913 2520 1029 2581 quod
1059 2521 1260 2580 cuiquam
1290 2529 1389 2563 ante
1423 2518 1642 2576 detulerit,
1673 2526 1715 2558 et

351 2596 608 2654 conciliarit,
633 2599 750 2658 quod
775 2600 877 2643 civis
930 2616 1133 2644 romanus
1169 2600 1306 2659 quivit
1344 2599 1560 2658 consequi.
1598 2601 1711 2644 Nata
