<?xml version="1.0" encoding="UTF-8"?>
<!DOCTYPE html PUBLIC "-//W3C//DTD XHTML 1.0 Transitional//EN"
    "http://www.w3.org/TR/xhtml1/DTD/xhtml1-transitional.dtd">
<html xmlns="http://www.w3.org/1999/xhtml" xml:lang="en" lang="en">
 <head>
  <title>
</title>
<meta http-equiv="Content-Type" content="text/html;charset=utf-8" />
  <meta name='ocr-system' content='tesseract 3.04.00' />
  <meta name='ocr-capabilities' content='ocr_page ocr_carea ocr_par ocr_line ocrx_word'/>
</head>
<body>
  <div class='ocr_page' id='page_1' title='image "./operanepo00nepouoft_0031.png"; bbox 0 0 1859 3310; ppageno 0'>
   <div class='ocr_carea' id='block_1_1' title="bbox 656 218 1536 261">
    <p class='ocr_par' dir='ltr' id='par_1_1' title="bbox 656 218 1536 261">
     <span class='ocr_line' id='line_1_1' title="bbox 656 218 1536 261; baseline 0.01 -10"><span class='ocrx_word' id='word_1_1' title='bbox 656 218 1041 255; x_wconf 83' lang='lat' dir='ltr'><strong>THEMISTOCLES.</strong></span> <span class='ocrx_word' id='word_1_2' title='bbox 1492 239 1504 260; x_wconf 94' lang='lat'>1</span> <span class='ocrx_word' id='word_1_3' title='bbox 1518 228 1536 261; x_wconf 76' lang='lat'><em>3</em></span> 
     </span>
    </p>
   </div>
   <div class='ocr_carea' id='block_1_2' title="bbox 140 304 1536 2676">
    <p class='ocr_par' dir='ltr' id='par_1_2' title="bbox 159 304 1536 822">
     <span class='ocr_line' id='line_1_2' title="bbox 167 304 1536 371; baseline 0.005 -23"><span class='ocrx_word' id='word_1_4' title='bbox 167 319 487 364; x_wconf 85' lang='lat' dir='ltr'>oppressurum.</span> <span class='ocrx_word' id='word_1_5' title='bbox 517 324 538 345; x_wconf 89' lang='lat'>»</span> <span class='ocrx_word' id='word_1_6' title='bbox 572 308 665 347; x_wconf 91' lang='lat' dir='ltr'>Hoc</span> <span class='ocrx_word' id='word_1_7' title='bbox 696 321 746 348; x_wconf 89' lang='lat' dir='ltr'>eo</span> <span class='ocrx_word' id='word_1_8' title='bbox 781 304 972 360; x_wconf 82' lang='lat' dir='ltr'>valebat,</span> <span class='ocrx_word' id='word_1_9' title='bbox 1006 316 1052 349; x_wconf 91' lang='lat' dir='ltr'>ut</span> <span class='ocrx_word' id='word_1_10' title='bbox 1084 307 1281 367; x_wconf 84' lang='lat' dir='ltr'>ingratiis</span> <span class='ocrx_word' id='word_1_11' title='bbox 1320 310 1374 352; x_wconf 90' lang='lat' dir='ltr'>ad</span> <span class='ocrx_word' id='word_1_12' title='bbox 1401 311 1536 371; x_wconf 91' lang='lat' dir='ltr'>depu-</span> 
     </span>
     <span class='ocr_line' id='line_1_3' title="bbox 167 384 1535 444; baseline 0.005 -18"><span class='ocrx_word' id='word_1_13' title='bbox 167 384 387 443; x_wconf 85' lang='lat' dir='ltr'>gnandum</span> <span class='ocrx_word' id='word_1_14' title='bbox 417 400 566 426; x_wconf 89' lang='lat' dir='ltr'>omnes</span> <span class='ocrx_word' id='word_1_15' title='bbox 598 394 870 443; x_wconf 82' lang='lat' dir='ltr'>cogerentur.</span> <span class='ocrx_word' id='word_1_16' title='bbox 908 387 998 428; x_wconf 86' lang='lat' dir='ltr'>Hac</span> <span class='ocrx_word' id='word_1_17' title='bbox 1029 401 1075 427; x_wconf 88' lang='lat' dir='ltr'>re</span> <span class='ocrx_word' id='word_1_18' title='bbox 1105 385 1268 443; x_wconf 77' lang='lat' dir='ltr'>audita,</span> <span class='ocrx_word' id='word_1_19' title='bbox 1299 389 1535 444; x_wconf 82' lang='lat' dir='ltr'>Barbarus,</span> 
     </span>
     <span class='ocr_line' id='line_1_4' title="bbox 165 461 1535 522; baseline 0.004 -16"><span class='ocrx_word' id='word_1_20' title='bbox 165 462 273 506; x_wconf 90' lang='lat' dir='ltr'>nihil</span> <span class='ocrx_word' id='word_1_21' title='bbox 293 461 380 505; x_wconf 89' lang='lat' dir='ltr'>doli</span> <span class='ocrx_word' id='word_1_22' title='bbox 394 463 566 505; x_wconf 82' lang='lat' dir='ltr'>subesse</span> <span class='ocrx_word' id='word_1_23' title='bbox 580 462 759 505; x_wconf 87' lang='lat' dir='ltr'>credens</span> <span class='ocrx_word' id='word_1_24' title='bbox 773 496 784 515; x_wconf 88' lang='lat'>‚</span> <span class='ocrx_word' id='word_1_25' title='bbox 808 463 1019 522; x_wconf 83' lang='lat' dir='ltr'>postridie</span> <span class='ocrx_word' id='word_1_26' title='bbox 1045 463 1307 510; x_wconf 89' lang='lat' dir='ltr'>alienissimo</span> <span class='ocrx_word' id='word_1_27' title='bbox 1323 466 1402 510; x_wconf 90' lang='lat' dir='ltr'>sibi</span> <span class='ocrx_word' id='word_1_28' title='bbox 1424 467 1535 522; x_wconf 90' lang='lat' dir='ltr'>loco,</span> 
     </span>
     <span class='ocr_line' id='line_1_5' title="bbox 162 541 1535 604; baseline 0.004 -19"><span class='ocrx_word' id='word_1_29' title='bbox 162 551 313 585; x_wconf 90' lang='lat' dir='ltr'>contra</span> <span class='ocrx_word' id='word_1_30' title='bbox 336 541 708 601; x_wconf 85' lang='lat' dir='ltr'>opportunissimo</span> <span class='ocrx_word' id='word_1_31' title='bbox 723 542 945 599; x_wconf 78' lang='lat' dir='ltr'>hostibus,</span> <span class='ocrx_word' id='word_1_32' title='bbox 970 543 1078 587; x_wconf 90' lang='lat' dir='ltr'>adeo</span> <span class='ocrx_word' id='word_1_33' title='bbox 1097 554 1282 604; x_wconf 83' lang='lat' dir='ltr'>angusto</span> <span class='ocrx_word' id='word_1_34' title='bbox 1301 547 1410 589; x_wconf 89' lang='lat' dir='ltr'>mari</span> <span class='ocrx_word' id='word_1_35' title='bbox 1433 563 1535 590; x_wconf 92' lang='lat' dir='ltr'>con-</span> 
     </span>
     <span class='ocr_line' id='line_1_6' title="bbox 160 620 1531 684; baseline 0.005 -22"><span class='ocrx_word' id='word_1_36' title='bbox 160 620 289 676; x_wconf 78' lang='lat' dir='ltr'>flixit,</span> <span class='ocrx_word' id='word_1_37' title='bbox 317 630 366 663; x_wconf 89' lang='lat' dir='ltr'>ut</span> <span class='ocrx_word' id='word_1_38' title='bbox 388 621 480 680; x_wconf 90' lang='lat' dir='ltr'>ejus</span> <span class='ocrx_word' id='word_1_39' title='bbox 505 620 742 664; x_wconf 83' lang='lat' dir='ltr'>multitudo</span> <span class='ocrx_word' id='word_1_40' title='bbox 768 622 946 665; x_wconf 87' lang='lat' dir='ltr'>navium</span> <span class='ocrx_word' id='word_1_41' title='bbox 977 622 1182 683; x_wconf 83' lang='lat' dir='ltr'>explicari</span> <span class='ocrx_word' id='word_1_42' title='bbox 1213 640 1301 667; x_wconf 88' lang='lat' dir='ltr'>non</span> <span class='ocrx_word' id='word_1_43' title='bbox 1322 627 1531 684; x_wconf 89' lang='lat' dir='ltr'>potuerit.</span> 
     </span>
     <span class='ocr_line' id='line_1_7' title="bbox 159 699 1533 764; baseline 0.005 -23"><span class='ocrx_word' id='word_1_44' title='bbox 159 699 313 742; x_wconf 83' lang='lat' dir='ltr'>Victus</span> <span class='ocrx_word' id='word_1_45' title='bbox 333 716 437 760; x_wconf 87' lang='lat' dir='ltr'>ergo</span> <span class='ocrx_word' id='word_1_46' title='bbox 461 708 524 743; x_wconf 91' lang='lat' dir='ltr'>est</span> <span class='ocrx_word' id='word_1_47' title='bbox 547 700 683 760; x_wconf 85' lang='lat' dir='ltr'>magis</span> <span class='ocrx_word' id='word_1_48' title='bbox 704 699 889 744; x_wconf 88' lang='lat' dir='ltr'>consilio</span> <span class='ocrx_word' id='word_1_49' title='bbox 911 701 1238 759; x_wconf 83' lang='lat' dir='ltr'>Themistoclis,</span> <span class='ocrx_word' id='word_1_50' title='bbox 1254 721 1385 764; x_wconf 84' lang='lat' dir='ltr'>quam</span> <span class='ocrx_word' id='word_1_51' title='bbox 1402 706 1533 748; x_wconf 90' lang='lat' dir='ltr'>armis</span> 
     </span>
     <span class='ocr_line' id='line_1_8' title="bbox 163 779 353 822; baseline 0 0"><span class='ocrx_word' id='word_1_52' title='bbox 163 779 353 822; x_wconf 86' lang='lat' dir='ltr'>Graeciae.</span> 
     </span>
    </p>

    <p class='ocr_par' dir='ltr' id='par_1_3' title="bbox 145 858 1532 1958">
     <span class='ocr_line' id='line_1_9' title="bbox 220 858 1532 920; baseline 0.004 -18"><span class='ocrx_word' id='word_1_53' title='bbox 220 859 274 902; x_wconf 93' lang='lat' dir='ltr'>V.</span> <span class='ocrx_word' id='word_1_54' title='bbox 298 859 381 902; x_wconf 90' lang='lat' dir='ltr'>Hic</span> <span class='ocrx_word' id='word_1_55' title='bbox 404 860 485 903; x_wconf 91' lang='lat' dir='ltr'>etsi</span> <span class='ocrx_word' id='word_1_56' title='bbox 510 858 623 903; x_wconf 90' lang='lat' dir='ltr'>male</span> <span class='ocrx_word' id='word_1_57' title='bbox 650 876 743 903; x_wconf 90' lang='lat' dir='ltr'>rem</span> <span class='ocrx_word' id='word_1_58' title='bbox 766 870 976 920; x_wconf 82' lang='lat' dir='ltr'>gesserat,</span> <span class='ocrx_word' id='word_1_59' title='bbox 1002 872 1148 905; x_wconf 91' lang='lat' dir='ltr'>tamen</span> <span class='ocrx_word' id='word_1_60' title='bbox 1178 871 1319 906; x_wconf 86' lang='lat' dir='ltr'>tantas</span> <span class='ocrx_word' id='word_1_61' title='bbox 1343 863 1532 907; x_wconf 87' lang='lat' dir='ltr'>habebat</span> 
     </span>
     <span class='ocr_line' id='line_1_10' title="bbox 163 937 1531 1002; baseline 0.004 -21"><span class='ocrx_word' id='word_1_62' title='bbox 163 937 364 998; x_wconf 85' lang='lat' dir='ltr'>reliquias</span> <span class='ocrx_word' id='word_1_63' title='bbox 393 940 641 998; x_wconf 88' lang='lat' dir='ltr'>copiarum,</span> <span class='ocrx_word' id='word_1_64' title='bbox 671 948 718 982; x_wconf 90' lang='lat' dir='ltr'>ut</span> <span class='ocrx_word' id='word_1_65' title='bbox 738 940 866 983; x_wconf 89' lang='lat' dir='ltr'>etiam</span> <span class='ocrx_word' id='word_1_66' title='bbox 896 956 994 983; x_wconf 90' lang='lat' dir='ltr'>cum</span> <span class='ocrx_word' id='word_1_67' title='bbox 1021 940 1088 983; x_wconf 90' lang='lat' dir='ltr'>his</span> <span class='ocrx_word' id='word_1_68' title='bbox 1113 942 1362 1001; x_wconf 86' lang='lat' dir='ltr'>opprimere</span> <span class='ocrx_word' id='word_1_69' title='bbox 1386 953 1531 1002; x_wconf 89' lang='lat' dir='ltr'>posset</span> 
     </span>
     <span class='ocr_line' id='line_1_11' title="bbox 156 1017 1530 1080; baseline 0.005 -20"><span class='ocrx_word' id='word_1_70' title='bbox 156 1017 313 1061; x_wconf 82' lang='lat' dir='ltr'>hostes.</span> <span class='ocrx_word' id='word_1_71' title='bbox 344 1019 526 1061; x_wconf 89' lang='lat' dir='ltr'>Interim</span> <span class='ocrx_word' id='word_1_72' title='bbox 550 1019 603 1061; x_wconf 89' lang='lat' dir='ltr'>ab</span> <span class='ocrx_word' id='word_1_73' title='bbox 625 1018 775 1062; x_wconf 87' lang='lat' dir='ltr'>codem</span> <span class='ocrx_word' id='word_1_74' title='bbox 798 1019 937 1080; x_wconf 86' lang='lat' dir='ltr'>gradu</span> <span class='ocrx_word' id='word_1_75' title='bbox 961 1019 1166 1080; x_wconf 88' lang='lat' dir='ltr'>depulsus</span> <span class='ocrx_word' id='word_1_76' title='bbox 1186 1030 1261 1064; x_wconf 89' lang='lat' dir='ltr'>est.</span> <span class='ocrx_word' id='word_1_77' title='bbox 1283 1023 1398 1066; x_wconf 89' lang='lat' dir='ltr'>Nam</span> <span class='ocrx_word' id='word_1_78' title='bbox 1419 1024 1530 1066; x_wconf 88' lang='lat' dir='ltr'>The-</span> 
     </span>
     <span class='ocr_line' id='line_1_12' title="bbox 155 1096 1528 1159; baseline 0.003 -18"><span class='ocrx_word' id='word_1_79' title='bbox 155 1096 393 1152; x_wconf 84' lang='lat' dir='ltr'>mistocles,</span> <span class='ocrx_word' id='word_1_80' title='bbox 413 1114 568 1142; x_wconf 84' lang='lat' dir='ltr'>verens</span> <span class='ocrx_word' id='word_1_81' title='bbox 587 1114 641 1141; x_wconf 93' lang='lat' dir='ltr'>ne</span> <span class='ocrx_word' id='word_1_82' title='bbox 661 1097 822 1141; x_wconf 87' lang='lat' dir='ltr'>bellare</span> <span class='ocrx_word' id='word_1_83' title='bbox 845 1109 1159 1159; x_wconf 83' lang='lat' dir='ltr'>perseveraret,</span> <span class='ocrx_word' id='word_1_84' title='bbox 1183 1100 1410 1144; x_wconf 87' lang='lat' dir='ltr'>certiorem</span> <span class='ocrx_word' id='word_1_85' title='bbox 1430 1118 1528 1145; x_wconf 88' lang='lat' dir='ltr'>eum</span> 
     </span>
     <span class='ocr_line' id='line_1_13' title="bbox 152 1176 1527 1239; baseline 0.004 -19"><span class='ocrx_word' id='word_1_86' title='bbox 152 1176 279 1232; x_wconf 84' lang='lat' dir='ltr'>fecit,</span> <span class='ocrx_word' id='word_1_87' title='bbox 299 1177 388 1220; x_wconf 86' lang='lat' dir='ltr'>«Id</span> <span class='ocrx_word' id='word_1_88' title='bbox 417 1178 513 1237; x_wconf 84' lang='lat' dir='ltr'>agi,</span> <span class='ocrx_word' id='word_1_89' title='bbox 544 1187 593 1220; x_wconf 91' lang='lat' dir='ltr'>ut</span> <span class='ocrx_word' id='word_1_90' title='bbox 623 1194 754 1238; x_wconf 86' lang='lat' dir='ltr'>pons,</span> <span class='ocrx_word' id='word_1_91' title='bbox 784 1194 913 1238; x_wconf 90' lang='lat' dir='ltr'>quem</span> <span class='ocrx_word' id='word_1_92' title='bbox 943 1177 1014 1221; x_wconf 86' lang='lat' dir='ltr'>ille</span> <span class='ocrx_word' id='word_1_93' title='bbox 1038 1179 1081 1221; x_wconf 89' lang='lat' dir='ltr'>in</span> <span class='ocrx_word' id='word_1_94' title='bbox 1107 1178 1391 1239; x_wconf 85' lang='lat' dir='ltr'>Hellesponto</span> <span class='ocrx_word' id='word_1_95' title='bbox 1418 1181 1527 1225; x_wconf 90' lang='lat' dir='ltr'>fece-</span> 
     </span>
     <span class='ocr_line' id='line_1_14' title="bbox 152 1255 1527 1315; baseline 0.004 -15"><span class='ocrx_word' id='word_1_96' title='bbox 152 1267 243 1311; x_wconf 87' lang='lat' dir='ltr'>rat,</span> <span class='ocrx_word' id='word_1_97' title='bbox 258 1255 589 1313; x_wconf 81' lang='lat' dir='ltr'>dissolveretur,</span> <span class='ocrx_word' id='word_1_98' title='bbox 609 1273 659 1300; x_wconf 89' lang='lat' dir='ltr'>ac</span> <span class='ocrx_word' id='word_1_99' title='bbox 677 1256 819 1301; x_wconf 85' lang='lat' dir='ltr'>reditu</span> <span class='ocrx_word' id='word_1_100' title='bbox 839 1258 882 1300; x_wconf 90' lang='lat' dir='ltr'>in</span> <span class='ocrx_word' id='word_1_101' title='bbox 907 1258 1055 1302; x_wconf 83' lang='lat' dir='ltr'>Asiam</span> <span class='ocrx_word' id='word_1_102' title='bbox 1079 1257 1407 1315; x_wconf 82' lang='lat' dir='ltr'>excluderetur3</span> <span class='ocrx_word' id='word_1_103' title='bbox 1426 1261 1527 1304; x_wconf 87' lang='lat' dir='ltr'>«Id-</span> 
     </span>
     <span class='ocr_line' id='line_1_15' title="bbox 152 1337 1523 1397; baseline 0.002 -16"><span class='ocrx_word' id='word_1_104' title='bbox 152 1353 237 1397; x_wconf 93' lang='lat' dir='ltr'>que</span> <span class='ocrx_word' id='word_1_105' title='bbox 260 1337 298 1380; x_wconf 91' lang='lat' dir='ltr'>ei</span> <span class='ocrx_word' id='word_1_106' title='bbox 322 1337 548 1397; x_wconf 84' lang='lat' dir='ltr'>persuasit.</span> <span class='ocrx_word' id='word_1_107' title='bbox 580 1339 732 1397; x_wconf 89' lang='lat' dir='ltr'>Itaque</span> <span class='ocrx_word' id='word_1_108' title='bbox 747 1371 758 1393; x_wconf 91' lang='lat'>,</span> <span class='ocrx_word' id='word_1_109' title='bbox 788 1354 875 1397; x_wconf 87' lang='lat' dir='ltr'>qua</span> <span class='ocrx_word' id='word_1_110' title='bbox 897 1354 967 1380; x_wconf 84' lang='lat' dir='ltr'>sex</span> <span class='ocrx_word' id='word_1_111' title='bbox 994 1338 1213 1381; x_wconf 88' lang='lat' dir='ltr'>mensibus</span> <span class='ocrx_word' id='word_1_112' title='bbox 1239 1339 1320 1383; x_wconf 86' lang='lat' dir='ltr'>iter</span> <span class='ocrx_word' id='word_1_113' title='bbox 1342 1339 1523 1394; x_wconf 84' lang='lat' dir='ltr'>fecerat,</span> 
     </span>
     <span class='ocr_line' id='line_1_16' title="bbox 151 1416 1526 1477; baseline 0.002 -17"><span class='ocrx_word' id='word_1_114' title='bbox 151 1416 299 1460; x_wconf 89' lang='lat' dir='ltr'>eadem</span> <span class='ocrx_word' id='word_1_115' title='bbox 327 1417 474 1461; x_wconf 89' lang='lat' dir='ltr'>minus</span> <span class='ocrx_word' id='word_1_116' title='bbox 497 1416 648 1460; x_wconf 88' lang='lat' dir='ltr'>diebus</span> <span class='ocrx_word' id='word_1_117' title='bbox 675 1416 857 1477; x_wconf 87' lang='lat' dir='ltr'>triginta</span> <span class='ocrx_word' id='word_1_118' title='bbox 884 1417 926 1459; x_wconf 92' lang='lat' dir='ltr'>in</span> <span class='ocrx_word' id='word_1_119' title='bbox 948 1417 1096 1461; x_wconf 82' lang='lat' dir='ltr'>Asiam</span> <span class='ocrx_word' id='word_1_120' title='bbox 1125 1433 1319 1461; x_wconf 84' lang='lat' dir='ltr'>reversus</span> <span class='ocrx_word' id='word_1_121' title='bbox 1342 1428 1431 1474; x_wconf 88' lang='lat' dir='ltr'>est,</span> <span class='ocrx_word' id='word_1_122' title='bbox 1461 1436 1526 1463; x_wconf 90' lang='lat' dir='ltr'>se-</span> 
     </span>
     <span class='ocr_line' id='line_1_17' title="bbox 149 1495 1526 1558; baseline 0.001 -18"><span class='ocrx_word' id='word_1_123' title='bbox 149 1513 235 1556; x_wconf 90' lang='lat' dir='ltr'>que</span> <span class='ocrx_word' id='word_1_124' title='bbox 257 1513 281 1540; x_wconf 89' lang='lat' dir='ltr'>a</span> <span class='ocrx_word' id='word_1_125' title='bbox 302 1495 594 1540; x_wconf 85' lang='lat' dir='ltr'>Themistocle</span> <span class='ocrx_word' id='word_1_126' title='bbox 616 1512 705 1539; x_wconf 91' lang='lat' dir='ltr'>non</span> <span class='ocrx_word' id='word_1_127' title='bbox 729 1506 983 1556; x_wconf 88' lang='lat' dir='ltr'>superatum</span> <span class='ocrx_word' id='word_1_128' title='bbox 1000 1531 1011 1552; x_wconf 91' lang='lat'>,</span> <span class='ocrx_word' id='word_1_129' title='bbox 1029 1496 1103 1540; x_wconf 89' lang='lat' dir='ltr'>sed</span> <span class='ocrx_word' id='word_1_130' title='bbox 1128 1506 1434 1541; x_wconf 84' lang='lat' dir='ltr'>conservatum</span> <span class='ocrx_word' id='word_1_131' title='bbox 1454 1497 1526 1558; x_wconf 92' lang='lat' dir='ltr'>ju-</span> 
     </span>
     <span class='ocr_line' id='line_1_18' title="bbox 149 1575 1524 1636; baseline 0.001 -16"><span class='ocrx_word' id='word_1_132' title='bbox 149 1577 320 1621; x_wconf 83' lang='lat' dir='ltr'>dicavit.</span> <span class='ocrx_word' id='word_1_133' title='bbox 359 1577 430 1621; x_wconf 89' lang='lat' dir='ltr'>Sic</span> <span class='ocrx_word' id='word_1_134' title='bbox 466 1576 596 1619; x_wconf 89' lang='lat' dir='ltr'>unius</span> <span class='ocrx_word' id='word_1_135' title='bbox 636 1576 717 1619; x_wconf 86' lang='lat' dir='ltr'>viri</span> <span class='ocrx_word' id='word_1_136' title='bbox 750 1575 981 1636; x_wconf 87' lang='lat' dir='ltr'>prudentia</span> <span class='ocrx_word' id='word_1_137' title='bbox 1014 1577 1185 1620; x_wconf 85' lang='lat' dir='ltr'>Graecia</span> <span class='ocrx_word' id='word_1_138' title='bbox 1220 1575 1402 1620; x_wconf 86' lang='lat' dir='ltr'>liberata</span> <span class='ocrx_word' id='word_1_139' title='bbox 1437 1587 1524 1633; x_wconf 87' lang='lat' dir='ltr'>est,</span> 
     </span>
     <span class='ocr_line' id='line_1_19' title="bbox 147 1655 1522 1717; baseline 0.001 -16"><span class='ocrx_word' id='word_1_140' title='bbox 147 1657 422 1717; x_wconf 83' lang='lat' dir='ltr'>Europaeque</span> <span class='ocrx_word' id='word_1_141' title='bbox 453 1656 683 1699; x_wconf 89' lang='lat' dir='ltr'>succubuit</span> <span class='ocrx_word' id='word_1_142' title='bbox 717 1656 831 1700; x_wconf 86' lang='lat' dir='ltr'>Asia.</span> <span class='ocrx_word' id='word_1_143' title='bbox 866 1658 966 1698; x_wconf 85' lang='lat' dir='ltr'>Haec</span> <span class='ocrx_word' id='word_1_144' title='bbox 1002 1655 1135 1699; x_wconf 83' lang='lat' dir='ltr'>altera</span> <span class='ocrx_word' id='word_1_145' title='bbox 1176 1657 1387 1713; x_wconf 88' lang='lat' dir='ltr'>victoria,</span> <span class='ocrx_word' id='word_1_146' title='bbox 1426 1674 1522 1717; x_wconf 86' lang='lat' dir='ltr'>quae</span> 
     </span>
     <span class='ocr_line' id='line_1_20' title="bbox 145 1736 1523 1798; baseline -0.001 -16"><span class='ocrx_word' id='word_1_147' title='bbox 145 1755 246 1782; x_wconf 89' lang='lat' dir='ltr'>cum</span> <span class='ocrx_word' id='word_1_148' title='bbox 288 1736 571 1781; x_wconf 87' lang='lat' dir='ltr'>Marathonio</span> <span class='ocrx_word' id='word_1_149' title='bbox 602 1736 742 1796; x_wconf 86' lang='lat' dir='ltr'>possit</span> <span class='ocrx_word' id='word_1_150' title='bbox 784 1736 1030 1795; x_wconf 87' lang='lat' dir='ltr'>comparari</span> <span class='ocrx_word' id='word_1_151' title='bbox 1063 1745 1240 1796; x_wconf 83' lang='lat' dir='ltr'>tropaeo.</span> <span class='ocrx_word' id='word_1_152' title='bbox 1273 1738 1387 1781; x_wconf 88' lang='lat' dir='ltr'>Nam</span> <span class='ocrx_word' id='word_1_153' title='bbox 1427 1739 1523 1798; x_wconf 89' lang='lat' dir='ltr'>pari</span> 
     </span>
     <span class='ocr_line' id='line_1_21' title="bbox 147 1815 1523 1877; baseline 0.001 -16"><span class='ocrx_word' id='word_1_154' title='bbox 147 1817 278 1861; x_wconf 90' lang='lat' dir='ltr'>modo</span> <span class='ocrx_word' id='word_1_155' title='bbox 315 1816 434 1877; x_wconf 86' lang='lat' dir='ltr'>apud</span> <span class='ocrx_word' id='word_1_156' title='bbox 466 1815 684 1860; x_wconf 81' lang='lat' dir='ltr'>Salamina</span> <span class='ocrx_word' id='word_1_157' title='bbox 722 1832 857 1876; x_wconf 87' lang='lat' dir='ltr'>parvo</span> <span class='ocrx_word' id='word_1_158' title='bbox 896 1831 1078 1858; x_wconf 87' lang='lat' dir='ltr'>numero</span> <span class='ocrx_word' id='word_1_159' title='bbox 1118 1817 1295 1860; x_wconf 88' lang='lat' dir='ltr'>navium</span> <span class='ocrx_word' id='word_1_160' title='bbox 1333 1818 1523 1862; x_wconf 84' lang='lat' dir='ltr'>maxima</span> 
     </span>
     <span class='ocr_line' id='line_1_22' title="bbox 146 1894 1257 1958; baseline -0.002 -17"><span class='ocrx_word' id='word_1_161' title='bbox 146 1907 245 1958; x_wconf 92' lang='lat' dir='ltr'>post</span> <span class='ocrx_word' id='word_1_162' title='bbox 268 1897 498 1941; x_wconf 90' lang='lat' dir='ltr'>hominum</span> <span class='ocrx_word' id='word_1_163' title='bbox 522 1896 776 1940; x_wconf 87' lang='lat' dir='ltr'>memoriam</span> <span class='ocrx_word' id='word_1_164' title='bbox 807 1894 955 1939; x_wconf 88' lang='lat' dir='ltr'>classis</span> <span class='ocrx_word' id='word_1_165' title='bbox 984 1906 1047 1939; x_wconf 89' lang='lat' dir='ltr'>est</span> <span class='ocrx_word' id='word_1_166' title='bbox 1075 1895 1257 1939; x_wconf 86' lang='lat' dir='ltr'>devicta.</span> 
     </span>
    </p>

    <p class='ocr_par' dir='ltr' id='par_1_4' title="bbox 140 1975 1521 2676">
     <span class='ocr_line' id='line_1_23' title="bbox 208 1975 1521 2037; baseline 0.002 -16"><span class='ocrx_word' id='word_1_167' title='bbox 208 1980 287 2022; x_wconf 93' lang='lat' dir='ltr'>VI.</span> <span class='ocrx_word' id='word_1_168' title='bbox 317 1979 508 2037; x_wconf 84' lang='lat' dir='ltr'>Magnus</span> <span class='ocrx_word' id='word_1_169' title='bbox 535 1977 618 2020; x_wconf 90' lang='lat' dir='ltr'>hoc</span> <span class='ocrx_word' id='word_1_170' title='bbox 649 1975 762 2019; x_wconf 89' lang='lat' dir='ltr'>bello</span> <span class='ocrx_word' id='word_1_171' title='bbox 786 1975 1098 2020; x_wconf 87' lang='lat' dir='ltr'>Themistocles</span> <span class='ocrx_word' id='word_1_172' title='bbox 1131 1976 1239 2032; x_wconf 85' lang='lat' dir='ltr'>fuit,</span> <span class='ocrx_word' id='word_1_173' title='bbox 1272 1994 1347 2021; x_wconf 90' lang='lat' dir='ltr'>nec</span> <span class='ocrx_word' id='word_1_174' title='bbox 1377 1979 1521 2024; x_wconf 90' lang='lat' dir='ltr'>minor</span> 
     </span>
     <span class='ocr_line' id='line_1_24' title="bbox 145 2054 1518 2118; baseline 0.001 -17"><span class='ocrx_word' id='word_1_175' title='bbox 145 2059 189 2101; x_wconf 89' lang='lat' dir='ltr'>in</span> <span class='ocrx_word' id='word_1_176' title='bbox 219 2073 337 2118; x_wconf 87' lang='lat' dir='ltr'>pace.</span> <span class='ocrx_word' id='word_1_177' title='bbox 369 2057 521 2112; x_wconf 89' lang='lat' dir='ltr'>Quum</span> <span class='ocrx_word' id='word_1_178' title='bbox 543 2056 658 2099; x_wconf 88' lang='lat' dir='ltr'>enim</span> <span class='ocrx_word' id='word_1_179' title='bbox 684 2054 891 2099; x_wconf 85' lang='lat' dir='ltr'>Phalereo</span> <span class='ocrx_word' id='word_1_180' title='bbox 919 2065 1076 2115; x_wconf 89' lang='lat' dir='ltr'>portu,</span> <span class='ocrx_word' id='word_1_181' title='bbox 1104 2072 1245 2117; x_wconf 90' lang='lat' dir='ltr'>neque</span> <span class='ocrx_word' id='word_1_182' title='bbox 1267 2073 1426 2118; x_wconf 86' lang='lat' dir='ltr'>magno</span> <span class='ocrx_word' id='word_1_183' title='bbox 1445 2076 1518 2103; x_wconf 91' lang='lat' dir='ltr'>ne-</span> 
     </span>
     <span class='ocr_line' id='line_1_25' title="bbox 143 2134 1519 2197; baseline 0.001 -17"><span class='ocrx_word' id='word_1_184' title='bbox 143 2153 228 2197; x_wconf 91' lang='lat' dir='ltr'>que</span> <span class='ocrx_word' id='word_1_185' title='bbox 261 2137 403 2189; x_wconf 88' lang='lat' dir='ltr'>bono,</span> <span class='ocrx_word' id='word_1_186' title='bbox 431 2134 717 2180; x_wconf 84' lang='lat' dir='ltr'>Athenienses</span> <span class='ocrx_word' id='word_1_187' title='bbox 753 2144 1008 2191; x_wconf 81' lang='lat' dir='ltr'>uterentur3</span> <span class='ocrx_word' id='word_1_188' title='bbox 1052 2135 1184 2196; x_wconf 88' lang='lat' dir='ltr'>hujus</span> <span class='ocrx_word' id='word_1_189' title='bbox 1225 2136 1408 2182; x_wconf 91' lang='lat' dir='ltr'>consilio</span> <span class='ocrx_word' id='word_1_190' title='bbox 1445 2141 1519 2183; x_wconf 90' lang='lat' dir='ltr'>tri-</span> 
     </span>
     <span class='ocr_line' id='line_1_26' title="bbox 148 2215 1515 2276; baseline 0.004 -17"><span class='ocrx_word' id='word_1_191' title='bbox 148 2215 242 2276; x_wconf 86' lang='lat' dir='ltr'>plex</span> <span class='ocrx_word' id='word_1_192' title='bbox 278 2217 403 2262; x_wconf 80' lang='lat' dir='ltr'>Piraei</span> <span class='ocrx_word' id='word_1_193' title='bbox 440 2225 594 2276; x_wconf 89' lang='lat' dir='ltr'>portus</span> <span class='ocrx_word' id='word_1_194' title='bbox 624 2216 889 2260; x_wconf 85' lang='lat' dir='ltr'>constitutus</span> <span class='ocrx_word' id='word_1_195' title='bbox 920 2225 1010 2271; x_wconf 89' lang='lat' dir='ltr'>est;</span> <span class='ocrx_word' id='word_1_196' title='bbox 1039 2216 1160 2276; x_wconf 90' lang='lat' dir='ltr'>isque</span> <span class='ocrx_word' id='word_1_197' title='bbox 1193 2218 1406 2262; x_wconf 82' lang='lat' dir='ltr'>moenibus</span> <span class='ocrx_word' id='word_1_198' title='bbox 1433 2220 1515 2264; x_wconf 87' lang='lat' dir='ltr'>cir-</span> 
     </span>
     <span class='ocr_line' id='line_1_27' title="bbox 142 2295 1515 2357; baseline 0.002 -17"><span class='ocrx_word' id='word_1_199' title='bbox 142 2295 398 2352; x_wconf 88' lang='lat' dir='ltr'>cumdatus,</span> <span class='ocrx_word' id='word_1_200' title='bbox 428 2305 477 2338; x_wconf 93' lang='lat' dir='ltr'>ut</span> <span class='ocrx_word' id='word_1_201' title='bbox 504 2296 639 2356; x_wconf 89' lang='lat' dir='ltr'>ipsam</span> <span class='ocrx_word' id='word_1_202' title='bbox 669 2296 822 2339; x_wconf 89' lang='lat' dir='ltr'>urbem</span> <span class='ocrx_word' id='word_1_203' title='bbox 851 2295 1063 2356; x_wconf 83' lang='lat' dir='ltr'>dignitate</span> <span class='ocrx_word' id='word_1_204' title='bbox 1089 2297 1400 2357; x_wconf 84' lang='lat' dir='ltr'>aequipararet,</span> <span class='ocrx_word' id='word_1_205' title='bbox 1430 2300 1515 2343; x_wconf 92' lang='lat' dir='ltr'>uti—</span> 
     </span>
     <span class='ocr_line' id='line_1_28' title="bbox 143 2374 1514 2436; baseline 0.002 -17"><span class='ocrx_word' id='word_1_206' title='bbox 143 2374 263 2419; x_wconf 83' lang='lat' dir='ltr'>litate</span> <span class='ocrx_word' id='word_1_207' title='bbox 291 2384 529 2436; x_wconf 86' lang='lat' dir='ltr'>superaret.</span> <span class='ocrx_word' id='word_1_208' title='bbox 558 2374 767 2434; x_wconf 87' lang='lat' dir='ltr'>Idemque</span> <span class='ocrx_word' id='word_1_209' title='bbox 794 2391 943 2418; x_wconf 85' lang='lat' dir='ltr'>muros</span> <span class='ocrx_word' id='word_1_210' title='bbox 960 2376 1297 2420; x_wconf 83' lang='lat' dir='ltr'>Atheniensium</span> <span class='ocrx_word' id='word_1_211' title='bbox 1323 2379 1514 2423; x_wconf 82' lang='lat' dir='ltr'>restituit</span> 
     </span>
     <span class='ocr_line' id='line_1_29' title="bbox 141 2454 1513 2516; baseline 0.002 -17"><span class='ocrx_word' id='word_1_212' title='bbox 141 2456 364 2516; x_wconf 85' lang='lat' dir='ltr'>praecipuo</span> <span class='ocrx_word' id='word_1_213' title='bbox 393 2454 592 2516; x_wconf 84' lang='lat' dir='ltr'>periculo</span> <span class='ocrx_word' id='word_1_214' title='bbox 621 2472 711 2499; x_wconf 91' lang='lat' dir='ltr'>suo.</span> <span class='ocrx_word' id='word_1_215' title='bbox 741 2457 944 2515; x_wconf 90' lang='lat' dir='ltr'>Namque</span> <span class='ocrx_word' id='word_1_216' title='bbox 970 2455 1312 2513; x_wconf 83' lang='lat' dir='ltr'>Lacedaemonii,</span> <span class='ocrx_word' id='word_1_217' title='bbox 1339 2475 1513 2502; x_wconf 87' lang='lat' dir='ltr'>causam</span> 
     </span>
     <span class='ocr_line' id='line_1_30' title="bbox 143 2535 1514 2598; baseline 0.004 -20"><span class='ocrx_word' id='word_1_218' title='bbox 143 2535 340 2579; x_wconf 87' lang='lat' dir='ltr'>idoneam</span> <span class='ocrx_word' id='word_1_219' title='bbox 383 2537 525 2591; x_wconf 90' lang='lat' dir='ltr'>nacti,</span> <span class='ocrx_word' id='word_1_220' title='bbox 557 2546 735 2596; x_wconf 83' lang='lat' dir='ltr'>propter</span> <span class='ocrx_word' id='word_1_221' title='bbox 760 2536 1046 2579; x_wconf 83' lang='lat' dir='ltr'>barbarorum</span> <span class='ocrx_word' id='word_1_222' title='bbox 1087 2538 1386 2595; x_wconf 79' lang='lat' dir='ltr'>excursiones,</span> <span class='ocrx_word' id='word_1_223' title='bbox 1427 2556 1514 2598; x_wconf 85' lang='lat' dir='ltr'>qua</span> 
     </span>
     <span class='ocr_line' id='line_1_31' title="bbox 140 2615 1512 2676; baseline 0.004 -20"><span class='ocrx_word' id='word_1_224' title='bbox 140 2625 365 2674; x_wconf 78' lang='lat' dir='ltr'>negarent,</span> <span class='ocrx_word' id='word_1_225' title='bbox 392 2625 595 2675; x_wconf 88' lang='lat' dir='ltr'>oportere</span> <span class='ocrx_word' id='word_1_226' title='bbox 637 2626 758 2660; x_wconf 84' lang='lat' dir='ltr'>extra</span> <span class='ocrx_word' id='word_1_227' title='bbox 800 2615 1149 2676; x_wconf 85' lang='lat' dir='ltr'>Peloponnesum</span> <span class='ocrx_word' id='word_1_228' title='bbox 1186 2616 1318 2661; x_wconf 85' lang='lat' dir='ltr'>ullam</span> <span class='ocrx_word' id='word_1_229' title='bbox 1362 2619 1512 2662; x_wconf 84' lang='lat' dir='ltr'>urbem</span> 
     </span>
    </p>
   </div>
  </div>
 </body>
</html>
