1859 3310
332 213 376 250 24
785 211 1015 246 CORNELII
1045 211 1250 246 NEPOTls

330 309 429 336 nam
456 310 510 338 ne
539 295 668 355 hujus
695 294 872 354 quidem
907 294 1067 337 indicio
1101 293 1273 354 impulsi
1305 303 1431 349 sunt,
1466 303 1512 335 ut
1548 294 1700 336 Pausa-

330 372 446 415 niam
481 373 933 434 comprehendercnt,
957 390 1095 432 neque
1128 375 1248 433 prius
1284 374 1370 416 vim
1409 370 1700 415 adhibendam

334 463 613 513 putaverunt,
637 469 768 512 quam
791 469 835 495 se
862 454 953 512 ipse
979 452 1222 496 indicasset.
1247 455 1400 513 Itaque
1422 452 1526 495 huic
1549 451 1702 505 indici,

327 532 433 591 quid
457 531 548 574 fieri
572 530 757 587 vellent,
784 541 1099 592 praeceperunt.
1128 534 1295 576 Fanum
1316 533 1513 592 Neptuni
1530 541 1592 574 est
1613 533 1703 574 Tae-

319 611 443 666 nari,
465 610 583 670 quod
606 609 761 653 violari
786 610 904 653 nefas
923 620 1081 671 putant
1101 612 1258 655 Graeci.
1281 614 1345 656 Eo
1361 610 1432 655 ille
1452 611 1580 655 index
1602 628 1703 654 con-

327 689 436 750 fugit
459 706 468 732 :
490 691 534 732 in
564 706 639 733 ara
668 689 877 733 consedit.
910 692 1034 734 Hanc
1061 691 1187 751 juxta
1217 690 1364 734 locum
1396 691 1593 735 fecerunt
1621 691 1701 734 sub

328 779 463 825 terra,
490 785 540 812 ex
564 785 652 830 quo
672 779 816 830 posset
843 769 1009 827 audiri,
1027 771 1062 813 si
1086 771 1183 830 quis
1200 770 1306 830 quid
1329 769 1581 830 loqueretur
1602 786 1702 814 cum

335 846 517 908 Argili03
551 848 636 892 huc
675 865 727 893 ex
758 849 935 910 ephoris
965 849 1144 909 quidam
1181 849 1514 892 descenderunt.
1544 851 1699 892 Pausa-

327 928 440 984 nias,
469 938 519 971 ut
547 928 734 984 audivit,
765 928 987 990 Argilium
1017 929 1265 990 confugisse
1294 929 1338 971 in
1367 945 1506 984 aram,
1531 937 1704 988 pertur—

325 1008 455 1051 batus
472 1024 524 1051 eo
540 1009 659 1053 venit
678 1026 834 1070 :quem
854 1024 991 1070 quum
1010 1007 1255 1070 supplicem
1274 1009 1358 1052 Dei
1381 1007 1550 1051 videret
1567 1008 1612 1050 in
1632 1024 1705 1051 ara

326 1088 570 1146 sedentem,
588 1090 763 1150 quaerit,
785 1106 924 1133 causae
942 1089 1049 1150 quid
1067 1090 1121 1133 sit
1140 1099 1231 1133 tam
1247 1089 1476 1150 repentino
1495 1087 1699 1132 consilio:

328 1169 429 1212 huic
455 1168 548 1226 ille,
572 1169 679 1230 quid
703 1187 754 1213 ex
779 1169 936 1214 litteris
960 1170 1263 1230 comperisset,
1286 1170 1439 1230 aperit.
1459 1171 1602 1212 Tanto
1617 1184 1702 1211 ma-

326 1248 390 1308 gis
414 1250 650 1293 Pausanias
674 1250 955 1310 perturbatus
976 1267 1103 1294 orare
1125 1251 1280 1311 coepit,
1304 1269 1325 1291 ε(
1343 1251 1409 1293 Ne
1437 1249 1705 1302 enuntiaret,

327 1345 407 1372 nec
431 1345 493 1385 se,
518 1331 725 1373 meritum
750 1330 804 1374 de
829 1329 905 1374 illo
933 1331 1119 1391 optime,
1142 1330 1362 1391 proderet.
1387 1329 1522 1388 Quod
1551 1330 1585 1372 si
1611 1345 1704 1373 eain

326 1409 497 1452 veniam
518 1409 599 1453 sibi
627 1409 837 1466 dedisset,
866 1411 1085 1471 tantisque
1115 1409 1381 1472 implicitum
1410 1410 1540 1453 rebus
1563 1408 1707 1453 suble-

326 1499 484 1544 vasset,
509 1507 671 1551 magno
690 1507 782 1535 esse
805 1491 843 1534 ei
865 1492 1045 1551 praemio
1068 1491 1281 1534 futurum.
1301 1510 1321 1531 »

388 1572 440 1614 V.
476 1572 553 1615 His
584 1571 713 1615 rebus
751 1571 904 1632 ephori
937 1572 1144 1633 cognitis,
1176 1572 1309 1615 satius
1343 1580 1637 1631 putaverunt,
1660 1572 1704 1614 in

325 1651 433 1694 urbe
455 1668 555 1694 eum
588 1651 916 1712 comprehendi.
951 1653 1055 1708 Quo
1089 1668 1227 1712 quum
1259 1661 1403 1695 essent
1431 1651 1700 1711 profecti,et

324 1732 583 1786 Pausanias,
608 1730 778 1792 placato
804 1730 995 1793 Argilio,
1030 1741 1078 1774 ut
1109 1732 1313 1792 putabat,
1347 1731 1707 1774 Lacedaemonem

327 1821 646 1866 reverteretur;
670 1812 713 1854 in
738 1812 913 1867 itinere,
936 1828 1074 1872 quum
1095 1812 1187 1872 jam
1214 1812 1259 1854 in
1285 1828 1335 1855 eo
1359 1821 1496 1867 esset,
1523 1820 1573 1854 ut
1590 1827 1709 1854 com-

327 1890 702 1951 prehenderetur,
727 1908 749 1935 e
779 1891 906 1935 vultu
934 1890 1161 1952 cujusdam
1191 1891 1367 1951 ephori,
1402 1891 1477 1951 qui
1507 1907 1607 1934 eum
1634 1890 1710 1933 ad-

326 1988 507 2015 monere
533 1972 759 2032 cupiebat,
774 1972 954 2016 insidias
972 1973 1053 2016 sibi
1076 1971 1169 2015 fieri
1187 1970 1414 2015 intellexit.
1433 1973 1588 2031 Itaque
1607 1988 1711 2031 pau-

327 2052 386 2095 cis
409 2062 510 2095 ante
537 2052 766 2113 gradibus,
787 2070 920 2113 quam
950 2053 1025 2112 qui
1050 2052 1361 2113 sequebantur,
1394 2053 1437 2094 in
1461 2051 1596 2095 aedem
1628 2053 1707 2095 Mi-

329 2148 489 2189 nervae,
505 2149 601 2192 quae
622 2131 893 2177 Chalcioecos
919 2142 1123 2187 vocatur,
1147 2131 1361 2193 confugit.
1381 2132 1495 2175 Hinc
1516 2148 1572 2175 ne
1593 2131 1710 2175 exire

328 2222 497 2273 posset,
517 2214 666 2256 statim
689 2213 843 2273 ephori
864 2212 1010 2257 valvas
1034 2213 1128 2273 ejus
1145 2212 1246 2256 aedis
1269 2213 1602 2267 obstruxerunt,
1624 2221 1706 2254 tec-

330 2303 513 2353 tumque
545 2303 648 2337 sunt
681 2292 900 2348 demoliti,
925 2310 1014 2353 quo
1051 2292 1219 2337 facilius
1251 2293 1331 2336 sub
1363 2292 1466 2335 divo
1496 2292 1708 2335 interiret.

330 2374 524 2427 Dicitur,
553 2391 604 2417 eo
633 2384 831 2434 tempore
865 2384 1049 2417 matrem
1078 2374 1303 2418 Pausaniae
1328 2373 1503 2429 vixisse,
1528 2388 1707 2431 eamque

327 2454 415 2513 jam
445 2470 606 2513 magno
636 2464 763 2510 natu,
787 2464 1018 2514 postquam
1043 2453 1096 2497 de
1123 2452 1282 2496 scelere
1304 2451 1380 2495 filii
1409 2452 1642 2511 comperit,
1667 2453 1706 2493 in

333 2534 499 2592 primis,
520 2533 573 2576 ad
589 2532 727 2576 filium
744 2533 1058 2587 claudendum,
1080 2532 1267 2593 lapidem
1288 2532 1341 2575 ad
1362 2532 1590 2574 introitum
1607 2531 1706 2573 aedis

333 2611 540 2656 attulisse.
558 2613 625 2655 Sic
640 2614 877 2656 Pausanias
894 2630 1094 2673 magnam
1111 2612 1211 2655 belli
1228 2611 1410 2672 gloriam
1430 2612 1543 2671 turpi
1568 2622 1701 2654 morte
