1859 3310
629 184 1042 220 OBSERVATIONES.
1454 197 1465 217 1
1476 185 1521 219 83

209 269 353 304 Diserte
386 270 592 317 allegantur
621 282 642 304 a
670 268 875 311 veteribus,
910 269 1006 302 Aulo
1031 266 1232 313 praesertim
1268 268 1404 310 Gellio,
1438 269 1524 304 libri

160 329 414 365 Chronicorum
431 343 498 378 per
520 331 723 366 Cornelium
744 330 930 375 Nepotem.
955 329 1021 363 Ille
1040 327 1157 371 enim,
1185 328 1355 362 Noctibus
1375 330 1522 371 Atticis,

158 402 264 434 xvu,
288 404 319 426 c.
347 403 389 426 21
406 418 415 435 ‚
440 399 495 427 ter
522 390 647 426 laudat
677 390 882 424 Cornelium
890 403 903 432 ;
929 390 1003 424 imo
1028 396 1108 424 toto
1133 389 1204 423 hoc
1229 388 1348 435 capite
1373 389 1420 423 ad
1443 401 1526 424 eum

157 452 390 499 potissimum
417 452 622 499 respexisse
646 451 804 486 videtur.
829 451 946 495 Dicit,
975 463 1013 486 se
1044 451 1250 497 excerpisse
1275 462 1294 485 e
1319 449 1441 493 libris,
1464 451 1528 495 qui

159 512 329 548 chronici
350 514 604 561 appellantur,
625 513 760 560 quibus
782 513 1014 560 temporibus
1036 511 1231 547 floruerint
1251 511 1360 546 simul
1379 510 1450 545 viri
1473 510 1529 544 in-

156 574 276 621 signes
294 574 411 609 Graeci
436 581 546 621 atque
568 575 741 610 Romani.
764 575 819 609 De
848 576 1001 609 Homeri
1023 581 1125 609 aetate
1150 574 1307 620 loquens
1328 572 1384 606 his
1407 572 1529 606 verbis

157 635 274 669 utitur
296 648 304 669 ε
332 651 346 666 «
363 635 414 670 Ut
439 635 622 670 Cornelius
649 638 776 684 Nepos
799 636 836 671 in
864 636 986 683 primo
1014 635 1270 671 Chronicorum
1296 634 1402 669 dixit.
1425 649 1438 664 »
1459 633 1528 667 So·-

156 696 252 730 linus
279 695 390 731 etiam
417 696 456 732 in
483 696 721 744 Polyhistore
747 698 795 733 ad
823 698 924 732 locos
947 704 1128 745 provocat
1150 709 1169 732 e
1196 698 1339 744 Nepote
1362 695 1529 730 chrono—

155 756 316 803 logicos,
342 757 405 804 qui
433 757 512 793 sine
540 758 657 794 dubio
687 759 735 794 ad
763 759 934 794 eumdem
965 759 1102 794 librum
1134 758 1333 806 pertinent.
1367 757 1449 791 Hoc
1477 763 1529 791 est

154 816 249 852 illud
270 817 391 865 ipsum
417 831 528 866 opus,
551 819 654 867 quod
681 821 848 855 Catullus
870 821 992 855 innuit
1018 821 1055 855 in
1081 820 1354 867 Epigrammate
1376 818 1529 853 dedica-

155 878 254 914 torio
277 879 324 914 ad
344 881 558 916 Cornelium
578 883 761 929 Nepotem
782 895 788 916 ε

435 1008 539 1046 Quum
556 1017 646 1038 ausus
663 1017 710 1044 es,
731 1017 812 1038 unus
830 1007 996 1044 Italorum,

366 1063 471 1092 Omne
489 1072 588 1092 aevum
605 1061 706 1092 tribus
723 1061 878 1103 explicare
896 1061 1025 1097 chartis,

366 1116 487 1152 Doctis,
510 1116 648 1158 Jupiter!
669 1123 699 1147 et
716 1116 886 1147 laboriosis.

153 1233 286 1280 Liquet
307 1245 352 1269 ex
369 1232 427 1267 his
450 1233 590 1276 verbis,
609 1240 682 1268 tres
701 1233 912 1268 elaboratos
932 1245 1008 1268 esse
1031 1246 1051 1268 a
1069 1233 1243 1267 Cornelio
1267 1233 1382 1267 libros
1407 1233 1528 1267 Chro—

152 1293 345 1339 nicorum,
376 1294 440 1342 qui
477 1294 682 1329 secundum
719 1294 889 1330 usitatam
924 1294 1029 1329 istam
1061 1294 1280 1329 divisionem
1308 1294 1354 1328 ad
1386 1301 1527 1340 tempus

153 1354 313 1402 αὲηλον,
338 1354 488 1399 μυθικὸν
512 1363 547 1391 et
570 1353 717 1402 ἱςορικῇν
736 1356 941 1403 respexisse
963 1356 1148 1391 videntur.

207 1419 475 1466 Exemplorum
497 1419 663 1454 Cornelii
684 1418 837 1466 Nepotis
859 1419 995 1452 librum
1016 1418 1183 1465 quintum
1209 1429 1380 1464 expresse
1402 1404 1527 1451 nomi—

154 1487 220 1515 nat
251 1481 408 1524 Gellius,
438 1481 460 1515 l.
484 1493 568 1524 vu,
596 1493 626 1515 c.
655 1481 717 1525 ιδ,
742 1480 830 1515 dum
855 1480 968 1514 fidem
992 1482 1246 1515 Romanorum
1276 1478 1461 1513 collaudat
1492 1478 1526 1511 in

155 1542 339 1576 servando
373 1541 627 1588 jurejurando.
666 1542 834 1576 Citantur
866 1542 978 1576 iidem
1011 1542 1097 1576 libri
1131 1554 1150 1576 a
1181 1529 1308 1575 Fluvio
1345 1541 1530 1586 Sosspucto

152 1602 345 1646 Clzarzlrio,
369 1603 481 1638 seculi
505 1603 624 1650 quinti
644 1604 811 1638 exeuntis
833 1604 1086 1651 grammatico.

203 1664 396 1711 Allegatur
419 1664 529 1699 etiam
552 1677 572 1699 a
603 1665 738 1707 Gellio,
761 1666 783 1699 l.
806 1677 865 1708 xi,
890 1678 919 1700 c.
945 1664 983 1708 8,
1009 1665 1172 1700 Cornelii
1191 1663 1345 1710 Nepotis
1366 1662 1462 1696 liber
1484 1662 1529 1696 de

158 1726 254 1761 Viris
289 1726 498 1761 illustribus.
528 1727 709 1761 Narratur
743 1726 797 1761 ibi
824 1739 870 1762 ex
908 1739 953 1761 eo
986 1726 1040 1761 M.
1075 1726 1225 1761 Catonis
1258 1724 1451 1759 dicterium
1492 1723 1529 1756 in

153 1788 197 1822 A.
222 1787 412 1822 Albinum.
439 1789 560 1831 Quum
586 1787 678 1822 illud
702 1800 779 1822 non
803 1794 972 1823 occurrat
994 1787 1033 1822 in
1055 1788 1130 1822 vita
1153 1786 1304 1821 Catonis
1328 1784 1529 1820 admodum

153 1848 279 1892 brevi,
298 1861 377 1895 quae
395 1848 505 1883 nobis
524 1848 648 1883 relicta
675 1856 744 1892 est,
768 1856 803 1884 et
826 1862 905 1897 quae
923 1850 1100 1896 particula
1119 1849 1186 1883 fuit
1204 1847 1291 1882 libri
1309 1847 1402 1893 ejus,
1421 1857 1530 1893 quem

155 1910 200 1945 de
220 1910 405 1945 historicis
430 1910 553 1945 latinis
585 1911 823 1957 conscripsit,
849 1911 1019 1945 haustum
1051 1910 1198 1945 videtur
1226 1922 1245 1944 e
1279 1909 1393 1952 libro,
1419 1920 1528 1954 quem

156 1971 342 2007 Cornelius
373 1972 570 2018 separatim
600 1985 637 2007 se
665 1973 791 2008 fecisse
819 1973 869 2007 ait
900 1973 946 2007 de
980 1973 1138 2015 Catone,
1169 1978 1303 2018 rogatu
1329 1968 1528 2016 Pomponii

155 2033 280 2076 Attici3
299 2040 334 2068 et
355 2033 416 2068 hic
437 2033 533 2068 liber
554 2035 843 2082 comprehensus
864 2042 991 2081 postea
1016 2041 1086 2078 est,
1108 2034 1258 2079 adjectis
1282 2032 1450 2079 pluribus
1470 2031 1527 2065 vi-

153 2096 215 2138 tis,
237 2108 281 2130 eo
303 2108 438 2143 opere,
459 2096 561 2142 quod
587 2096 633 2131 de
657 2096 747 2131 viris
772 2097 974 2131 illustribus
999 2095 1204 2142 inscripsit,
1226 2094 1297 2129 nisi
1325 2094 1419 2128 forte
1444 2106 1522 2127 cre-

153 2155 240 2191 dere
269 2157 350 2203 quis
385 2158 491 2200 velit,
521 2157 623 2204 quod
648 2157 711 2192 vix
747 2158 839 2192 mihi
871 2157 1128 2205 persuadeam,
1169 2156 1373 2190 Cornelium
1411 2154 1527 2188 tribus

154 2217 309 2253 diversis
338 2218 463 2261 libris,
502 2219 723 2265 diversoque
762 2219 951 2263 instituto,
986 2219 1032 2254 de
1065 2218 1228 2264 ejusdem
1269 2216 1420 2251 Catonis
1452 2215 1527 2249 vita

153 2278 351 2325 scripsisse.
380 2279 475 2314 Mihi
504 2280 613 2314 etiam
635 2287 688 2314 est
709 2280 927 2326 probabile,
952 2282 1072 2314 vitam
1095 2278 1297 2325 Pomponii
1318 2277 1434 2311 Attici
1451 2289 1525 2309 non

153 2352 229 2375 esse
250 2340 321 2375 nisi
344 2348 486 2388 partem
512 2341 675 2387 ejusdem
702 2340 824 2388 operis
847 2341 893 2375 de
917 2341 1004 2374 viris
1026 2339 1228 2374 illustribus
1255 2351 1275 2373 a
1297 2337 1417 2372 Gellio
1437 2349 1525 2384 per-

154 2402 238 2436 lecti
261 2408 296 2436 et
319 2402 477 2449 allegati.
502 2402 715 2449 Pomponio
739 2402 837 2437 enim
857 2402 938 2448 jure
961 2401 1165 2436 debebatur
1186 2401 1287 2434 locus
1312 2398 1408 2433 inter
1428 2398 1528 2432 viros

154 2463 328 2507 illustres,
358 2477 435 2499 non
465 2477 556 2500 vero
587 2465 684 2499 inter
711 2465 932 2499 excellentes
961 2464 1215 2510 imperatores,
1249 2461 1296 2496 de
1326 2461 1458 2508 quibus
1490 2461 1527 2494 in

154 2523 227 2559 alio
253 2537 366 2571 opere
395 2525 469 2572 egit
499 2526 699 2561 Cornelius.
724 2525 833 2570 Quod
857 2538 945 2560 vero
971 2525 1046 2559 haec
1070 2537 1138 2558 una
1168 2523 1345 2571 particula
1371 2521 1525 2568 amplis-n

155 2583 236 2620 simi
266 2587 464 2622 voluminis
497 2587 674 2634 temporis
702 2587 931 2634 iniquitatem
963 2587 1037 2621 sola
1068 2585 1255 2632 effugerit,
1290 2583 1525 2618 tribuendum
