1859 3310
105 198 218 211 ΝΜ
223 197 418 210 umvwnuvt
422 195 593 208 xmthmvu
597 197 654 208 &xxm
658 200 665 207 ο
670 193 1087 207 wwtmwwmmwuwmxoen
1096 193 1155 206 m
1159 193 1394 207 WWWEW
1403 194 1461 207 Um

709 428 849 469 XIII.

479 644 1081 713 TIMOTHEUS.

92 1110 418 1200 TIMOTHEUS‚
439 1145 632 1189 Cononis
653 1143 784 1199 filius,
806 1143 1092 1187 Atheniensis,
1114 1143 1193 1186 Hic
1214 1159 1240 1186 a
1259 1151 1380 1203 patre
1403 1159 1468 1186 ac-

91 1235 260 1286 ceptam
294 1223 475 1286 gloriam
509 1222 657 1267 multis
690 1223 810 1266 auxit
841 1223 1088 1266 virtutibus.
1124 1223 1222 1266 Fuit
1252 1223 1364 1265 enim
1402 1221 1467 1265 di-

91 1314 253 1361 sertuS‚
280 1304 479 1365 impiger,
509 1302 771 1359 laboriosus,
802 1303 862 1346 rei
891 1301 1088 1346 militaris
1111 1302 1298 1363 peritus,
1328 1318 1468 1361 neque

88 1385 232 1429 minus
253 1384 437 1428 civitatis
455 1383 664 1445 regendae.
685 1381 826 1426 Multa
847 1382 976 1443 hujus
995 1391 1095 1426 sunt
1113 1380 1316 1443 praeclare
1333 1381 1466 1437 facta,

89 1464 162 1508 sed
192 1464 282 1507 haec
310 1464 495 1507 maxime
527 1462 723 1506 illustria.
759 1460 990 1522 Olynthios
1023 1471 1064 1506 et
1091 1463 1321 1522 Byzantios
1353 1460 1467 1505 bello

89 1546 272 1606 subegit.
309 1547 486 1589 Samum
520 1544 632 1604 cepit
665 1560 673 1586 :
705 1544 749 1586 in
781 1560 867 1603 qua
897 1542 1214 1604 oppugnanda,
1245 1542 1467 1602 superiore

89 1624 224 1681 bello,
251 1625 535 1669 Athenienses
560 1622 678 1666 mille
708 1633 750 1668 et
782 1622 970 1666 ducenta
998 1621 1160 1665 talenta
1188 1612 1467 1681 consumpse-

88 1714 202 1749 rant.
234 1703 285 1747 Id
321 1703 392 1747 ille
423 1704 514 1747 sine
539 1702 628 1746 ulla
652 1701 827 1764 publica
857 1703 1050 1763 impensa
1074 1700 1239 1762 populo
1265 1700 1464 1744 restituit.

88 1784 332 1830 Adversum
356 1785 512 1843 Cotym
532 1782 644 1827 bella
665 1784 817 1844 gessit,
839 1783 892 1826 ab
919 1798 1055 1841 eoque
1079 1779 1196 1824 mille
1220 1789 1262 1823 et
1282 1779 1469 1822 ducenta

90 1863 252 1908 talenta
281 1863 434 1924 praedae
470 1865 515 1906 in
549 1861 772 1924 publicum
810 1861 969 1905 retulit.
1005 1862 1210 1921 Cyzicum
1242 1859 1468 1903 obsidione

88 1943 302 1987 liberavit.
336 1943 620 1987 Ariobarzani
651 1941 778 1986 simul
814 1958 912 1985 cum
941 1939 1139 2002 Agesilao
1172 1938 1333 1983 auxilio
1366 1954 1469 1998 pro-

89 2022 226 2068 fectus
245 2033 321 2067 est.
348 2023 386 2065 A
405 2039 650 2083 quoquum
672 2024 788 2066 Laco
811 2022 1039 2082 pecuniam
1061 2029 1330 2063 numeratam
1351 2034 1469 2062 acce-

90 2104 246 2165 pisset,
272 2102 343 2146 ille
369 2103 481 2146 cives
506 2120 606 2146 suos
631 2118 737 2163 agro
762 2111 892 2161 atque
918 2101 1098 2144 urbibus
1122 2099 1271 2160 augeri
1291 2097 1468 2153 maluit,

90 2200 223 2244 quam
250 2183 293 2226 id
317 2199 510 2238 sumere,
536 2183 659 2242 cujus
684 2191 849 2243 partem
878 2181 1056 2224 domum
1085 2196 1208 2223 suam
1233 2179 1344 2222 ferre
1370 2193 1470 2239 pos-

89 2274 165 2308 set.
192 2265 345 2322 Itaque
369 2263 535 2323 accepit
558 2262 786 2305 Crithoten
812 2271 854 2305 et
879 2263 1063 2304 Sestum.

154 2344 210 2386 II.
246 2341 388 2398 Idem,
415 2340 538 2385 classi
564 2340 816 2402 praefectus,
851 2339 1178 2383 circumvehens
1202 2336 1473 2397 Peloponne-

90 2439 209 2479 sum,
231 2422 492 2466 Laconicam
513 2420 769 2482 populatus,
792 2419 970 2463 classem
991 2435 1142 2462 eorum
1163 2417 1342 2478 fugavit.
1363 2418 1471 2460 Cor-

89 2518 235 2562 cyram
271 2501 351 2545 sub
390 2502 621 2561 imperium
655 2501 984 2545 Atheniensium
1021 2498 1207 2559 redegit3
1248 2497 1472 2555 sociosque

91 2581 204 2626 idem
225 2581 423 2641 adjunxit
442 2582 665 2642 Epirotas,
687 2581 971 2635 Athamanas,
994 2579 1214 2634 Chaonas,
1235 2592 1470 2635 omnesque
