1859 3310
352 246 372 283 l,
796 231 1027 267 CORNELII
1058 231 1261 265 NEPOTIS

343 321 557 361 Lemnum
586 334 593 360 :
620 318 691 360 hie
721 317 836 359 enim
866 325 1040 366 ventuS,
1073 332 1097 358 a
1128 315 1511 374 septemtrionibus
1540 316 1706 372 oriens,

342 397 571 440 adversum
597 406 713 439 tenet
733 395 914 438 Athenis
938 393 1325 454 proficiscentibus.
1358 393 1707 450 Miltiades,mo—

342 476 465 518 randi
485 486 655 534 tempus
678 491 763 517 non
784 473 966 528 habens,
983 489 1159 516 cursum
1185 473 1360 529 direxit,
1381 490 1467 533 quo
1487 474 1707 532 tendebat,

341 555 624 614 pervenitque
645 553 979 597 Chersonesum.

402 632 457 676 II.
495 633 560 675 Ibi
594 632 715 674 brevi
753 640 948 691 tempore
992 631 1283 675 Barbarorum
1322 634 1457 693 copiis
1499 633 1707 695 disjectis,

340 721 430 754 tota
455 711 650 771 regione,
676 726 806 769 quam
830 710 1034 770 petierat,
1058 711 1240 770 potitus,
1271 711 1365 755 loca
1397 712 1583 756 castellis
1613 714 1708 758 ido-

339 807 419 833 nea
451 789 758 844 communivit3
789 788 1137 845 multitudinem,
1167 806 1297 849 quam
1328 808 1474 835 secum
1503 792 1707 849 duxerat,

338 870 381 912 in
421 869 534 929 agris
572 867 821 923 collocavit,
857 868 1110 927 crebrisque
1152 871 1482 913 excursionibus
1518 869 1710 930 locuple-

338 950 459 992 tavit.
483 950 637 1009 Neque
661 949 805 992 minus
830 949 874 991 in
906 964 955 991 ea
978 965 1023 991 re
1052 948 1301 1008 prudentia,
1323 966 1454 1010 quam
1482 949 1707 1007 felicitate,

336 1028 510 1088 adjutus
534 1038 628 1071 est:
653 1044 754 1071 nam
779 1044 915 1087 quum
943 1028 1106 1071 virtute
1135 1027 1324 1072 militum
1354 1029 1581 1073 devicisset
1608 1030 1709 1074 hos-

336 1108 446 1150 tium
483 1108 717 1163 exercitus,
753 1124 923 1151 summa
960 1109 1161 1167 aequitate
1203 1125 1269 1151 res
1306 1110 1555 1164 constituit,
1578 1119 1709 1169 atque

335 1188 426 1247 ipse
451 1187 611 1231 ibidem
637 1204 813 1231 manere
838 1187 1040 1231 decrevit.
1068 1190 1174 1231 Erat
1196 1188 1313 1231 enim
1336 1189 1450 1231 inter·
1473 1204 1545 1232 eos
1569 1188 1710 1250 digni-

335 1277 423 1311 tate
461 1269 602 1328 regia,
643 1268 841 1328 quamvis
876 1267 1051 1311 carebat
1085 1268 1261 1311 nomine
1292 1285 1301 1311 t
1330 1285 1469 1328 neque
1497 1269 1541 1312 id
1572 1271 1709 1330 magis

336 1348 537 1407 imperio,
579 1363 711 1407 quam
744 1348 932 1407 justitia,
973 1358 1246 1391 consecutus.
1285 1349 1440 1408 Neque
1482 1365 1533 1392 eo
1570 1351 1709 1393 secius

335 1426 694 1482 Atheniensibus,
727 1444 751 1470 a
777 1427 935 1487 quibus
964 1437 1058 1471 erat
1086 1427 1328 1488 profectus,
1363 1428 1506 1472 officia
1536 1439 1710 1489 praesta-

333 1506 420 1549 bat.
439 1507 613 1562 Quibus
633 1507 764 1550 rebus
787 1506 938 1563 fiebat,
959 1517 1008 1550 ut
1029 1524 1117 1550 non
1145 1509 1289 1551 minus
1312 1524 1463 1551 eorum
1483 1508 1709 1552 voluntate

334 1596 549 1645 perpetuo
566 1587 802 1647 imperium
827 1586 1066 1641 obtineret,
1091 1587 1164 1646 qui
1197 1588 1424 1643 miserant,
1452 1604 1582 1647 quam
1612 1587 1710 1632 illo-

334 1681 452 1721 rum,
477 1683 576 1709 cum
607 1667 765 1726 quibus
789 1676 883 1709 erat
913 1666 1146 1726 profectus.
1172 1667 1446 1710 Chersoneso
1478 1666 1552 1710 tali
1575 1668 1707 1711 modo

333 1746 592 1802 constituta,
616 1749 832 1789 Lemnum
856 1747 1114 1802 revertitur,
1137 1756 1180 1789 et
1204 1763 1255 1789 ex
1277 1756 1406 1806 pacto
1424 1745 1643 1806 postulat,
1659 1758 1707 1791 ut

334 1825 416 1868 sibi
453 1825 606 1868 urbem
640 1825 816 1869 tradant
846 1843 854 1869 z
881 1824 943 1869 illi
983 1827 1100 1868 enim
1134 1825 1350 1882 dixerant,
1381 1842 1538 1886 quum,
1579 1837 1709 1870 vento

333 1904 466 1948 borea
490 1905 621 1949 domo
644 1905 865 1966 profectus
890 1921 940 1948 eo
965 1906 1249 1966 pervenisset,
1275 1922 1365 1949 sese
1392 1905 1641 1950 dedituros:
1665 1923 1709 1949 se

334 1995 481 2028 autem
504 1985 684 2028 domum
705 1986 967 2030 Chersonesi
991 1985 1164 2028 habere.
1195 1987 1346 2040 Cares,
1378 1987 1451 2045 qui
1475 1995 1568 2029 tum
1582 1988 1710 2029 Lem-

335 2081 441 2107 num
474 2063 738 2121 incolebant,
777 2066 856 2108 etsi
887 2074 1043 2124 praeter
1077 2065 1329 2124 opinionem
1364 2081 1430 2108 res
1471 2064 1707 2122 ceciderat,

336 2154 502 2200 tamen,
536 2161 624 2187 non
649 2144 785 2200 dicto,
823 2144 897 2188 sed
931 2143 1123 2187 secunda
1155 2143 1329 2187 fortuna
1358 2143 1708 2188 adversariorum

335 2225 474 2284 capti,
498 2225 697 2268 resistere
713 2225 806 2268 ausi
828 2240 916 2267 non
940 2233 1060 2279 sunt,
1090 2233 1220 2284 atque
1245 2240 1295 2267 ex
1324 2222 1465 2267 insula
1494 2224 1710 2285 demigra-

336 2313 450 2347 runt.
467 2305 568 2348 Pari
589 2301 792 2347 felicitate
822 2314 987 2347 ceteras
1012 2302 1194 2358 insulas,
1220 2320 1315 2363 quae
1340 2302 1550 2364 Cyclades
1568 2305 1709 2347 nomi-

336 2393 514 2439 nantur,
539 2384 617 2427 sub
642 2384 974 2427 Atheniensium
994 2383 1160 2444 redegit
1185 2393 1456 2443 potestatem.

399 2465 477 2505 III.
495 2463 670 2506 Eisdem
685 2464 976 2523 temporibus,
994 2466 1228 2507 Persarum
1246 2480 1321 2506 rex
1342 2463 1520 2518 Darius,
1541 2479 1592 2506 ex
1608 2463 1708 2507 Asia

338 2543 380 2584 in
415 2545 635 2603 Europam
670 2544 867 2586 exercitu
904 2544 1111 2602 trajecto,
1144 2543 1314 2603 Scythis
1349 2540 1512 2584 bellum
1550 2542 1709 2585 inferre

338 2621 541 2664 decrevit.
567 2624 751 2665 Pontem
782 2622 879 2664 feeit
914 2624 955 2665 in
981 2626 1092 2666 Istro
1115 2622 1320 2675 flumine,
1345 2638 1429 2680 qua
1457 2622 1602 2681 copias
1626 2631 1711 2664 tra-
