1859 3310
349 218 396 253 36
805 217 1036 252 CORNELII
1064 215 1266 251 NEPOTIS

348 299 619 361 Thrasybulo
639 308 681 342 et
704 299 980 342 Theramene.
1005 300 1173 341 Horum
1198 297 1240 339 in
1266 294 1447 356 imperio
1468 302 1582 336 tanta
1599 291 1716 334 com-

351 380 533 423 mutatio
557 395 702 422 rerum
721 378 829 421 facta
853 387 936 432 est,
955 386 1003 420 ut
1019 375 1354 429 Lacedaemonii,
1372 373 1445 432 qui
1471 369 1602 432 paulo
1622 379 1720 413 ante

353 459 534 502 victores
559 458 804 517 viguerant,
830 455 1046 516 perterriti
1071 471 1221 514 pacem
1241 461 1445 513 peterent.
1468 450 1583 494 Victi
1605 449 1720 492 enim

352 547 476 581 erant
499 537 690 596 quinque
717 533 878 595 proeliis
904 533 1198 588 terrestribus,
1223 533 1361 575 tribus
1387 529 1613 574 navalibus
1640 545 1648 570 :
1678 528 1721 569 in

353 616 510 675 quibus
545 614 751 657 ducentas
784 629 911 656 naves
944 612 1140 655 triremes
1176 611 1425 666 amiserant,
1462 625 1555 668 quae
1589 616 1724 666 captae

355 697 398 738 in
428 694 618 737 hostium
653 701 858 735 venerant
885 701 1153 752 potestatem.
1188 688 1433 734 Alcibiades
1467 686 1594 730 simul
1625 702 1724 729 cum

356 773 529 834 collegis
555 780 772 832 receperat
789 771 980 824 Ioniam,
999 768 1350 830 Hellespontum,
1374 766 1530 810 multas
1553 775 1726 826 prseter-

356 869 403 895 ea
438 852 565 895 urbes
599 853 792 905 Graecas,
828 866 922 910 quae
956 850 1000 892 in
1032 865 1108 891 ora
1135 848 1224 890 sitae
1252 856 1352 889 sunt
1379 846 1511 900 Asiae,
1542 861 1726 904 quarum

357 940 658 992 expugnarant
676 928 941 990 complures3
968 929 1012 971 in
1034 928 1101 971 his
1119 927 1386 986 Byzantium.
1413 926 1565 984 Neque
1587 924 1728 966 minus

358 1000 514 1055 multas
540 1009 720 1054 consilio
746 1008 799 1052 ad
826 1008 1060 1052 amicitiam
1087 1006 1391 1066 adjunxerant,
1419 1003 1537 1063 quod
1561 1004 1604 1046 in
1628 1019 1729 1062 cap-

359 1101 425 1134 tos
457 1090 683 1133 clementia
716 1089 885 1132 fuerant
918 1088 996 1131 usi.
1025 1085 1132 1130 Inde
1164 1084 1308 1145 praeda
1340 1084 1508 1137 onusti,
1539 1081 1730 1142 locuple-

360 1179 449 1213 tato
478 1170 692 1224 exercitu,
720 1168 916 1211 maximis
944 1167 1072 1209 rebus
1100 1165 1250 1226 gestis,
1284 1164 1477 1208 Athenas
1505 1171 1729 1205 venerunt.

425 1250 500 1292 VI.
536 1248 613 1291 His
650 1263 785 1307 quum
819 1247 991 1289 obviam
1028 1246 1227 1288 universa
1259 1243 1409 1286 civitas
1444 1243 1487 1286 in
1520 1243 1729 1286 Piraeeum

364 1326 672 1380 descendisset,
698 1334 817 1369 tanta
845 1325 928 1368 fuit
954 1324 1150 1368 omnium
1175 1323 1434 1384 exspectatio
1461 1321 1625 1365 visendi
1655 1320 1730 1364 Al·

363 1407 560 1462 cibiadis,
585 1417 634 1450 ut
658 1406 712 1449 ad
736 1406 827 1465 ejus
853 1406 1072 1449 triremem
1098 1402 1251 1464 vulgus
1273 1402 1531 1458 conflueret,
1552 1401 1733 1462 perinde

365 1504 413 1531 ac
437 1488 470 1530 si
494 1486 612 1530 solus
638 1485 892 1530 advenisset.
919 1485 989 1529 Sic
1015 1485 1131 1528 enim
1155 1482 1320 1545 populo
1344 1491 1435 1526 erat
1458 1498 1734 1543 persuasum,

365 1576 408 1610 et
439 1566 638 1610 adversas
664 1565 928 1626 superiores,
959 1574 1002 1608 et
1031 1572 1260 1625 praesentes
1293 1561 1504 1606 secundas
1534 1578 1600 1605 res
1625 1560 1737 1605 aeci·

367 1646 479 1690 disse
504 1646 594 1706 ejus
620 1661 765 1706 opera.
792 1647 943 1704 Itaque
969 1653 1012 1687 et
1038 1642 1190 1687 Siciliae
1216 1643 1442 1696 amissum,
1467 1651 1509 1685 et
1533 1640 1735 1684 Lacedae·

367 1725 614 1769 moniorum
653 1725 854 1768 victorias
887 1722 1024 1784 culpae
1054 1739 1139 1766 suae
1167 1721 1437 1777 tribuebant,
1465 1719 1582 1780 quod
1608 1719 1737 1763 talem

368 1806 508 1848 virum
535 1820 557 1847 e
584 1805 757 1847 civitate
790 1802 1068 1863 expulissent.
1095 1803 1246 1861 Neque
1273 1800 1315 1844 id
1348 1801 1438 1844 sine
1463 1816 1591 1844 causa
1620 1800 1737 1843 arbi-

369 1884 472 1926 trari
492 1881 748 1926 videbantur
772 1899 781 1925 :
803 1898 902 1925 nam
922 1891 1153 1942 postquam
1177 1880 1381 1924 exercitui
1400 1896 1580 1940 praeesse
1600 1895 1739 1940 coepe·

368 1972 455 2018 rat,
480 1978 618 2022 neque
643 1972 756 2006 terra
777 1977 916 2021 neque
938 1961 1046 2004 mari
1064 1961 1209 2004 hostes
1235 1976 1358 2020 pares
1381 1976 1470 2003 esse
1492 1968 1736 2020 potuerant.

368 2043 449 2086 Hic
470 2051 519 2085 ut
541 2042 641 2085 navi
661 2057 854 2102 egressus
871 2050 954 2096 est,
974 2055 1223 2100 quanquam
1239 2040 1528 2082 Theramenes
1548 2047 1590 2082 et
1605 2038 1740 2082 Thra-

371 2120 547 2182 sybulus
573 2120 733 2164 eisdem
762 2120 890 2164 rebus
916 2118 1197 2180 praefuerant,
1227 2117 1440 2178 simulque
1463 2127 1671 2162 venerant
1695 2118 1739 2162 in

370 2201 603 2255 Piraeeum,
621 2209 765 2244 tamen
787 2199 910 2243 illum
932 2215 1067 2242 unum
1087 2215 1236 2242 omnes
1260 2199 1653 2259 prosequebantur3
1678 2207 1740 2253 et,

372 2279 414 2323 id
438 2279 555 2340 quod
583 2295 809 2339 nunquam
833 2288 959 2322 antea
983 2295 1062 2322 usu
1088 2288 1284 2333 venerat,
1309 2278 1390 2321 nisi
1416 2277 1629 2339 Olympiae
1651 2279 1740 2322 vic-

372 2360 561 2414 toribus,
593 2360 764 2403 coronis
796 2360 937 2403 aureis
968 2358 1180 2418 aeneisque
1213 2356 1344 2418 vulgo
1374 2357 1630 2401 donabatur.
1662 2356 1741 2401 Ille

374 2438 614 2499 lacrymans
641 2438 770 2483 talem
794 2437 1137 2483 benevolentiam
1162 2438 1322 2482 civium
1357 2453 1534 2480 suorum
1563 2437 1742 2497 accipie-

374 2519 461 2573 bat,
481 2519 756 2563 reminiscens
775 2519 947 2580 pristini
969 2519 1176 2579 temporis
1196 2517 1484 2561 acerbitatem.
1506 2518 1741 2576 Postquam

378 2601 482 2642 Astu
507 2600 641 2655 venit,
671 2599 879 2643 concione
905 2597 1132 2653 advocata,
1160 2598 1219 2641 sic
1245 2597 1373 2640 verba
1400 2596 1516 2651 fecit,
1541 2605 1588 2639 ut
1615 2612 1741 2640 nemo
