1859 3310
442 276 673 312 CORNELII
704 275 912 310 NEPOTIS
941 276 1005 309 DE
1035 276 1256 311 REGIBUS.
1473 276 1544 310 113

166 370 331 404 naturae
359 360 552 403 debitum
582 357 884 414 reddiderunt3
915 360 1067 402 tertius
1097 360 1150 402 ab
1179 360 1401 404 Artabano
1430 372 1546 415 prae-

164 439 276 483 fecto
303 438 416 482 ferro
443 439 727 498 interemptus
752 446 829 480 est.

226 521 281 562 II.
317 521 382 562 Ex
408 517 700 561 Macedonum
731 527 876 560 autem
906 535 1061 578 genere
1089 519 1176 562 duo
1210 518 1348 563 multo
1378 530 1540 564 ceteros

159 606 484 644 antecesserunt
500 613 646 640 rerum
666 606 885 657 gestarum
904 597 1061 658 gloria:
1079 598 1327 660 Philippus,
1344 602 1541 660 Amyntae

161 676 290 733 filius,
304 686 346 720 et
362 675 605 722 Alexander
621 679 822 737 Magnus.
843 679 1014 721 Horum
1029 677 1136 721 alter
1153 677 1372 739 Babylone
1388 679 1541 722 morbo

160 766 467 817 consumptus;
493 755 722 817 Philippus
747 757 865 816 AEgis
895 772 920 800 a
949 758 1182 814 Pausania,
1210 774 1345 817 quum
1374 767 1541 818 specta-

161 846 253 879 tum
277 835 403 880 ludos
427 837 527 892 iret,
548 836 675 896 juxta
699 837 918 880 theatrum
945 838 1111 881 occisus
1134 847 1210 881 est.
1238 840 1363 881 Unus
1387 838 1542 898 Epiro-

160 925 242 972 tes,
265 916 479 977 Pyrrhus,
500 917 575 976 qui
596 933 694 959 cum
724 916 888 977 populo
910 934 1090 961 romano
1118 916 1321 960 bellavit:
1349 918 1383 960 is
1406 934 1540 976 quum

158 998 297 1056 Argos
319 995 530 1056 oppidum
554 1006 830 1057 oppugnaret
855 997 898 1039 in
926 996 1248 1057 Peloponneso,
1270 995 1411 1057 lapide
1432 998 1541 1040 ictus

161 1075 335 1118 interiit.
373 1078 499 1119 Unus
535 1076 636 1118 item
674 1074 869 1131 Siculus,
905 1076 1143 1136 Dionysius
1179 1076 1312 1136 prior.
1351 1076 1463 1120 Nam
1500 1086 1542 1119 et

159 1171 291 1198 manu
318 1155 462 1211 fortis,
487 1165 529 1198 et
553 1153 651 1197 belli
678 1155 843 1215 peritus
871 1154 972 1210 fuit,
990 1165 1052 1210 et,
1079 1154 1121 1197 id
1147 1154 1265 1214 quod
1291 1155 1335 1198 in
1356 1165 1541 1215 tyranno

159 1252 247 1279 non
281 1234 403 1278 facile
434 1236 671 1296 reperitur,
704 1235 880 1278 minime
911 1233 1189 1292 libidinosus,
1222 1253 1310 1279 non
1342 1235 1540 1280 luxurio-

159 1332 254 1372 sus,
287 1332 375 1359 non
405 1331 583 1371 avarus,
616 1314 779 1358 nullius
808 1316 869 1358 rei
896 1314 1082 1375 denique
1111 1315 1321 1376 cupidus,
1348 1317 1428 1359 nisi
1454 1317 1540 1360 sin-

159 1393 319 1456 gularis
350 1395 635 1455 perpetuique
669 1395 858 1455 imperii;
894 1395 949 1437 ob
981 1411 1162 1454 eamque
1192 1412 1283 1438 rem
1317 1395 1503 1440 crudelis
1529 1413 1538 1440 z

159 1491 259 1517 nam
279 1474 381 1518 dum
404 1474 446 1516 id
473 1474 640 1517 studuit
664 1475 855 1529 munire,
877 1473 1038 1517 nullius
1057 1476 1247 1535 pepercit
1273 1476 1390 1531 vitae,
1413 1492 1541 1535 quem

159 1554 250 1612 ejus
276 1553 569 1597 insidiatorem
596 1564 783 1614 putaret.
812 1554 893 1596 Hie
918 1570 1053 1613 quum
1083 1555 1242 1598 virtute
1268 1555 1541 1615 tyrannidem

160 1633 239 1676 sibi
259 1634 513 1694 peperisset,
534 1649 692 1692 magna
711 1634 891 1676 retinuit
911 1633 1133 1690 felicitate3
1160 1635 1384 1694 majorque
1404 1651 1541 1679 annos

159 1713 378 1773 sexaginta
414 1722 562 1768 natus,
589 1712 768 1756 decessit
796 1712 976 1756 florente
1006 1731 1141 1774 regno
1170 1732 1178 1757 :
1208 1731 1348 1774 neque
1380 1715 1423 1758 in
1454 1724 1540 1758 tam

150 1791 304 1835 ‘multis
327 1793 452 1836 annis
477 1793 733 1852 cujusquam
760 1809 811 1835 ex
839 1809 915 1836 sua
936 1794 1068 1854 stirpe
1096 1793 1226 1837 funus
1251 1794 1378 1851 vidit,
1404 1811 1541 1855 quum

157 1887 210 1914 ex
237 1871 377 1915 tribus
403 1872 612 1915 uxoribus
640 1870 797 1914 liberos
824 1882 1117 1932 procreasset,
1144 1872 1355 1933 multique
1382 1874 1420 1917 ei
1449 1875 1538 1917 nati

158 1960 300 1994 essent
325 1960 516 2012 nepotes.

222 2031 300 2073 III.
336 2032 532 2073 Fuerunt
556 2040 763 2090 praeterea
788 2032 934 2091 magni
960 2048 1080 2091 reges
1107 2048 1158 2074 ex
1184 2033 1330 2075 amicis
1355 2031 1540 2076 Alexan-

159 2109 225 2153 dri
254 2111 426 2170 Magni,
459 2111 533 2170 qui
565 2120 664 2171 post
696 2111 863 2153 obitum
896 2111 988 2170 ejus
1020 2112 1198 2171 imperia
1229 2122 1451 2172 ceperunt.
1488 2114 1538 2155 In

159 2188 225 2231 his
255 2190 519 2249 Antigonus,
552 2199 595 2232 et
625 2189 756 2248 hujus
789 2188 902 2232 filius
933 2191 1199 2245 Demetrius3
1232 2191 1538 2250 Lysimachus,

160 2266 384 2323 Seleucus,
404 2267 673 2311 Ptolemaeus.
702 2271 766 2312 Ex
794 2269 860 2311 his
880 2270 1148 2328 Antigonus,
1174 2287 1308 2328 quum
1335 2270 1539 2313 adversus

161 2346 386 2391 Seleucum
418 2347 808 2406 Lysimachumque
841 2347 1084 2403 dimicaret,
1117 2349 1159 2390 in
1191 2349 1343 2409 proelio
1373 2351 1539 2393 occisus

159 2436 234 2469 cst.
256 2428 354 2469 Pari
380 2425 497 2469 letho
523 2426 703 2470 affectus
728 2436 790 2469 est
817 2427 1097 2486 Lysimachus
1124 2445 1148 2470 a
1174 2427 1353 2471 Seleuco
1381 2447 1389 2471 :
1417 2445 1536 2486 nam,

160 2506 361 2549 societate
387 2505 614 2561 dissoluta,
643 2504 802 2548 bellum
831 2506 942 2548 inter
968 2522 1010 2548 se
1036 2517 1273 2566 gesserunt.
1302 2510 1358 2551 At
1381 2510 1537 2551 Deme-

160 2585 289 2641 trius,
310 2602 446 2644 quum
472 2584 603 2628 filiam
629 2601 750 2627 suain
777 2583 956 2628 Seleuco
982 2587 1025 2628 in
1046 2587 1370 2629 matrimonium
1397 2587 1536 2630 dedis-

162 2673 243 2720 set,
274 2680 414 2724 neque
441 2680 492 2706 eo
521 2666 656 2724 magis
685 2663 770 2706 fida
803 2665 914 2707 inter
943 2681 1014 2707 cos
1044 2665 1229 2708 amicitia
1258 2682 1429 2709 manere
1460 2683 1537 2727 po-

1287 2746 1327 2788 8.
