1859 3310
672 226 674 228 ¹
728 228 945 262 ATTICUS.
1284 235 1287 241 ¹
1447 234 1512 272 ¹327

162 321 222 354 est
247 321 387 354 autem
418 313 555 356 Attico
578 311 717 370 neptis
743 327 793 353 ex
817 311 1033 371 Agrippa,
1061 311 1128 353 cui
1156 311 1363 370 virginem
1384 309 1516 353 filiam

162 388 401 433 collocarat.
429 393 550 433 Hanc
570 390 732 443 Caesar,
759 390 826 430 vix
851 388 1116 445 anniculam,
1140 389 1313 432 Tiberio
1333 386 1517 432 Claudio

162 468 347 521 Neroni,
382 466 574 511 Drusilla
606 476 732 521 nato,
770 468 971 527 privigno
1006 484 1106 523 suo,
1132 466 1362 527 despondit
1388 483 1398 509 :
1427 482 1518 525 quae

160 546 408 604 conjunctio
435 545 793 588 necessitudinem
819 562 969 588 eorum
996 547 1155 601 sanxit,
1188 544 1519 589 familiaritatem

161 622 344 666 reddidit
367 623 716 683 frequentiorem.

221 704 321 745 XX.
339 703 550 759 Quamvis
576 711 674 745 ante
698 702 788 745 llaec
812 702 1048 763 sponsalia,
1081 720 1169 747 non
1201 701 1364 758 solum,
1385 719 1520 761 quum

159 780 212 823 ab
234 781 341 824 urbe
365 781 557 835 abesset,
583 797 808 841 nunquam
837 781 889 824 ad
914 798 1092 825 suorum
1121 798 1382 841 quemquam
1407 780 1521 824 litte-

158 875 226 903 ras
255 861 390 915 misit,
416 861 521 920 quin
559 861 701 904 Attico
732 861 940 917 mitteret,
966 860 1071 920 quid
1097 870 1259 921 ageret,
1293 861 1336 903 in
1372 861 1522 920 primis

158 939 261 998 quid
282 938 464 999 legeret,
485 939 640 998 quibus
668 940 710 981 in
738 938 840 982 locis
861 973 871 995 ,
898 949 938 982 et
965 939 1171 998 quamdiu
1196 948 1305 981 esset
1329 949 1522 981 moratu·

158 1034 256 1073 rus;
289 1018 362 1061 sed
383 1019 535 1073 etiam,
561 1034 694 1077 quum
715 1027 824 1061 esset
847 1019 891 1060 in
918 1018 1045 1074 urbe,
1072 1028 1114 1061 et
1140 1027 1320 1078 propter
1341 1033 1438 1060 suas
1464 1019 1525 1060 in-

158 1096 297 1140 finitas
338 1098 642 1158 occupationes
690 1097 832 1139 minus
870 1113 980 1157 saepe
1027 1113 1157 1156 quam
1197 1095 1342 1152 vellet,
1380 1097 1524 1141 Attico

156 1175 393 1230 frueretur,
413 1174 558 1219 nullus
583 1176 671 1219 dies
696 1185 839 1218 tamen
860 1185 1018 1219 temere
1040 1176 1303 1232 intercessit,
1324 1191 1412 1234 quo
1435 1192 1523 1218 non

157 1255 210 1298 ad
234 1271 334 1298 eum
362 1255 565 1298 scriberet
584 1272 746 1314 :quum
768 1255 898 1298 modo
922 1253 1086 1315 aliquid
1109 1254 1161 1298 de
1186 1255 1442 1314 antiquitate
1470 1254 1523 1296 ab

158 1350 208 1377 eo
248 1334 505 1394 requireret3
542 1334 673 1377 modo
711 1332 899 1394 aliquam
933 1335 971 1377 ei
996 1335 1275 1395 quaestionem
1312 1335 1524 1394 poeticam

160 1423 440 1474 proponeret3
484 1413 701 1457 interdum
734 1414 883 1473 jocans
923 1414 1015 1473 ejus
1050 1413 1316 1457 verbosiores
1353 1412 1525 1456 eliceret

166 1491 380 1553 epistolas.
407 1495 471 1536 Ex
500 1509 586 1552 quo
609 1493 782 1549 accidit,
809 1510 943 1552 quum
974 1492 1074 1536 aedis
1106 1494 1223 1536 Jovis
1255 1493 1455 1548 Feretrii,
1480 1493 1524 1536 in

160 1570 373 1632 Capitolio
397 1571 450 1614 ab
475 1571 665 1615 Romulo
683 1573 943 1625 constituta,
963 1581 1178 1615 vetustate
1205 1580 1333 1630 atque
1359 1572 1526 1614 incuria

159 1650 325 1694 detecta
360 1649 686 1711 prolaberetur,
721 1661 796 1705 ut,
827 1652 957 1695 Attici
984 1651 1230 1705 admonitu,
1256 1652 1398 1694 Caesar
1432 1666 1523 1693 eam

160 1729 431 1774 reficiendam
465 1739 648 1773 curaret.
678 1731 829 1789 Neque
854 1746 956 1773 vero
982 1730 1035 1773 ab
1067 1731 1130 1773 M.
1157 1730 1348 1773 Antonio
1382 1729 1526 1771 minus

159 1808 310 1852 absens
337 1808 490 1852 litteris
514 1808 755 1865 colebatur3
791 1809 919 1865 adeo,
946 1819 994 1852 ut
1027 1818 1225 1852 accurate
1251 1807 1322 1851 ille
1347 1825 1398 1851 ex
1427 1807 1527 1851 ulti-

159 1888 238 1931 mis
258 1889 383 1932 terris
401 1922 413 1944 ,
433 1888 537 1948 quid
560 1899 727 1948 ageret,
754 1905 866 1932 curae
891 1889 970 1932 sibi
1000 1888 1178 1931 haberet
1210 1888 1436 1931 certiorem
1463 1887 1525 1930 fa-

159 1982 255 2010 cere
276 1968 484 2011 Atticum.
509 1970 602 2011 Hoc
625 1967 751 2027 quale
781 1968 859 2021 sit,
884 1966 1335 2032 facilius-existimabit
1363 1967 1422 2022 is,
1447 1968 1524 2025 qui

155 2045 349 2104 judicare
376 2048 559 2107 poterit,
591 2057 762 2106 quantae
792 2049 846 2090 sit
879 2047 1116 2107 sapientiae,
1148 2063 1300 2089 eorum
1341 2046 1526 2088 retinere

161 2141 286 2168 usum
314 2125 762 2186 benevolentiamque,
798 2127 909 2169 inter
935 2143 1043 2186 quos
1066 2126 1350 2168 maximarum
1380 2141 1524 2168 rerum

161 2220 248 2246 non
287 2204 427 2247 solum
458 2204 694 2260 aemulatio,
725 2204 797 2248 sed
833 2205 1089 2248 obtrectatio
1124 2214 1246 2247 tanta
1284 2203 1523 2246 intercede-

161 2283 257 2337 bat,
284 2293 490 2342 quantam
520 2283 602 2326 fuit
628 2283 813 2326 incidere
836 2299 1006 2326 necesse
1031 2284 1143 2326 inter
1163 2285 1374 2326 Caesarem
1398 2291 1527 2340 atque

161 2363 418 2417 Antonium,
445 2378 579 2420 quum
604 2378 646 2404 se
672 2371 854 2421 uterque
878 2362 1116 2421 principem
1139 2378 1227 2404 non
1248 2360 1388 2404 solum
1408 2360 1527 2403 urbis

162 2442 387 2496 Romanae,
406 2440 479 2484 sed
499 2441 614 2483 orbis
628 2450 858 2495 terrarum,
873 2456 963 2483 esse
986 2450 1175 2500 cuperet.

227 2522 347 2564 XXI.
373 2519 466 2564 Tali
495 2519 625 2563 modo
660 2537 793 2579 quum
825 2530 986 2581 septem
1015 2529 1058 2562 et
1090 2520 1364 2580 septuaginta
1391 2535 1527 2561 annos

165 2599 439 2660 complesset,
464 2609 593 2660 atque
617 2599 670 2642 ad
695 2609 929 2643 extremam
965 2609 1228 2643 senectutem
1262 2615 1350 2641 non
1386 2599 1527 2641 minus

1301 2694 1364 2721 10.
