1859 3310
320 275 368 322 98
766 271 997 307 CORNELII
1028 269 1231 304 NEPOTIS

320 361 542 404 concurrit
567 360 655 419 ipse
676 361 903 401 Eumenes.
929 357 1015 412 Qui
1040 371 1174 415 quum
1198 355 1310 396 inter
1327 369 1370 394 sc
1384 347 1616 409 complexi,
1641 347 1682 390 in

322 449 482 483 terram
513 455 565 481 ex
598 438 719 496 cquis
753 435 1034 487 decidissent,
1072 443 1120 476 ut
1153 431 1275 475 facile
1308 428 1489 488 intelligi
1522 435 1685 487 posset,

321 518 497 561 inimica
534 524 676 558 mente
707 513 1000 567 contendisse,
1029 512 1262 570 animoque
1290 508 1424 569 magis
1451 506 1581 549 etiam
1607 520 1688 564 pu-

322 613 496 657 gnasse,
519 610 647 654 quam
674 607 882 652 corpore3
910 606 998 633 non
1027 590 1147 649 prius
1185 587 1380 631 distracti
1410 595 1531 639 sunt,
1557 599 1686 643 quam

321 674 505 718 alterum
528 673 672 714 anima
694 669 932 729 reliquerit.
958 668 1023 712 Ab
1055 668 1138 711 hoc
1169 666 1336 726 aliquot
1370 664 1506 725 plagis
1531 665 1691 707 Eume-

321 769 396 796 nes
422 750 696 805 vulneratur,
720 764 860 808 neque
888 763 939 790 eo
965 747 1102 807 magis
1125 763 1177 789 ex
1203 743 1356 805 proelio
1384 743 1585 796 excessit,
1618 740 1691 784 sed

321 831 463 874 acrius
488 829 624 872 hostis
648 827 818 870 institit.
841 826 922 869 Hic
941 825 1159 884 equitibus
1177 822 1440 883 profligatis,
1462 820 1691 863 interfecto

321 909 430 951 duce
447 908 652 961 Cratero,
681 904 829 949 multis
851 912 1058 964 praeterca
1081 912 1124 945 et
1152 900 1338 944 maxime
1360 898 1577 942 nobilibus
1599 914 1696 958 cap-

322 988 392 1043 tis,
415 985 613 1046 pedester
634 984 864 1038 exercitus,
890 981 1007 1041 quod
1032 982 1075 1023 in
1095 997 1145 1024 ea
1170 979 1264 1023 loca
1286 988 1379 1022 erat
1397 977 1627 1032 deductus,
1647 985 1694 1019 ut

321 1067 459 1109 invito
494 1067 690 1108 Eumene
725 1062 835 1106 elabi
869 1078 957 1105 non
992 1069 1155 1120 posset,
1187 1074 1339 1119 pacem
1379 1057 1431 1100 ab
1461 1072 1511 1100 eo
1543 1056 1693 1116 petiit:

321 1161 450 1206 quam
471 1160 606 1203 quum
633 1143 923 1202 impetrasset,
943 1140 987 1182 in
1009 1138 1092 1182 fide
1114 1155 1202 1181 non
1226 1137 1404 1192 mansit,
1427 1145 1469 1179 et
1484 1152 1548 1190 se,
1567 1133 1695 1178 simul

321 1240 370 1267 ac
394 1224 557 1283 potuit,
584 1221 638 1264 ad
673 1221 954 1280 Antipatrum
981 1217 1156 1279 recepit.
1187 1219 1402 1260 Eumenes
1438 1217 1669 1259 Craterum
1686 1247 1698 1269 ,

322 1318 374 1345 ex
401 1302 492 1344 acie
517 1299 815 1343 semianimem
838 1297 1022 1351 elatum,
1049 1311 1245 1339 recreare
1269 1294 1448 1338 studuit.
1478 1295 1630 1351 Quum
1655 1291 1698 1335 id

322 1397 410 1423 non
434 1388 598 1439 posset,
623 1394 703 1438 pro
726 1377 915 1420 hominis
927 1375 1153 1437 dignitate,
1166 1390 1332 1435 proque
1345 1373 1530 1434 pristina
1553 1372 1702 1416 amici-

324 1460 384 1503 tia
415 1460 628 1520 (namque
658 1456 733 1500 illo
767 1472 870 1500 usus
902 1465 1013 1507 erat,
1042 1453 1289 1499 Alexandro
1322 1454 1441 1507 vivo,
1475 1451 1701 1497 familiari-

326 1537 436 1598 ter),
452 1536 598 1596 amplo
616 1535 767 1579 funere
784 1533 959 1589 extulit,
983 1549 1166 1593 ossaque
1187 1533 1230 1576 in
1250 1531 1555 1576 Macedoniam
1575 1532 1701 1576 uxori

326 1618 418 1678 ejus
441 1633 491 1660 ac
514 1615 661 1659 liberis
684 1615 860 1658 remisit.

389 1698 445 1740 V.
465 1698 568 1739 Haec
589 1694 693 1738 dum
715 1693 832 1754 apud
856 1691 1189 1753 Hellespontum
1218 1700 1451 1753 geruntur,
1473 1689 1704 1734 Perdiccas

326 1774 443 1835 apud
472 1774 636 1817 flumen
660 1772 812 1818 Nilum
840 1771 1102 1816 interficitur
1124 1787 1148 1814 a
1173 1770 1353 1814 Seleuco
1377 1779 1422 1813 et
1449 1770 1673 1830 Antigono
1695 1785 1705 1812 :

327 1869 562 1913 rerumque
588 1868 757 1896 summa
787 1850 842 1895 ad
865 1852 1149 1911 Antipatrum
1173 1850 1381 1894 defertur.
1405 1850 1509 1905 Hic,
1532 1849 1607 1909 qui
1634 1848 1706 1892 de-

328 1941 572 1987 seruerant,
609 1932 802 1974 exercitu
828 1929 1084 1991 suffragium
1111 1930 1294 1985 ferente,
1323 1928 1478 1989 capitis
1506 1928 1707 1972 absentes

333 2010 672 2055 damnanturzin
690 2010 756 2053 his
779 2012 1008 2053 Eumenes.
1027 2012 1118 2053 Hac
1137 2008 1207 2052 ille
1227 2008 1452 2069 perculsus
1474 2006 1598 2068 plaga
1617 2024 1707 2051 non

333 2090 588 2146 succubuit,
613 2105 755 2149 neque
789 2105 840 2132 eo
877 2089 1015 2131 secius
1048 2087 1212 2131 bellum
1244 2087 1580 2131 administravit.
1621 2086 1707 2130 Sed
1757 2144 1759 2147 ι

331 2169 461 2214 exiles
497 2185 566 2212 res
607 2169 740 2212 animi
778 2167 1146 2229 magnitudinem,
1182 2167 1263 2210 etsi
1301 2183 1389 2210 non
1426 2166 1708 2227 frangebant,

332 2259 478 2292 tamen
496 2247 827 2291 imminuebant.
851 2250 979 2290 Hunc
997 2235 1258 2307 persequens
1278 2246 1548 2307 Antigonus,
1569 2263 1704 2306 quum

333 2328 454 2371 omni
488 2343 644 2388 genere
683 2328 908 2387 copiarum
950 2325 1219 2382 abundaret,
1256 2342 1368 2386 saepe
1401 2326 1444 2368 in
1482 2326 1709 2370 itineribus

335 2407 574 2450 vexabatur
598 2423 606 2449 z
634 2422 776 2465 neque
798 2422 991 2464 unquam
1019 2405 1073 2448 ad
1094 2421 1273 2448 manum
1295 2404 1502 2448 accedere
1524 2404 1709 2461 licebat,

337 2487 416 2529 nisi
441 2486 506 2528 his
525 2484 650 2540 locis,
675 2485 834 2544 quibus
859 2485 985 2544 pauci
1011 2494 1186 2543 possent
1210 2483 1359 2527 multis
1386 2483 1597 2526 resistere.
1625 2483 1710 2527 Sed

336 2574 529 2607 extremo
555 2574 772 2623 tempore,
792 2580 927 2623 quum
959 2562 1141 2606 consilio
1168 2564 1264 2623 capi
1288 2579 1376 2606 non
1402 2573 1570 2622 posset,
1600 2561 1711 2606 mul-

336 2642 521 2686 litudine
539 2643 863 2685 circumventus
883 2651 959 2685 ost.
986 2643 1097 2685 Hinc
1119 2652 1261 2685 tamen
1276 2676 1287 2698 ,
1304 2641 1453 2685 multis
1475 2642 1562 2686 suis
1584 2643 1711 2685 amis-
