1859 3310
636 212 948 249 FRAGMENTA.
1417 229 1428 250 1
1439 217 1484 251 63

195 316 215 336 «
240 299 520 343 Hannibalem
552 296 802 352 Marcellus,
830 307 874 340 ut
909 296 1111 356 Polybius
1140 307 1313 351 narrat,
1343 315 1396 340 ne
1425 316 1486 341 se—

132 376 215 420 mel
240 377 411 436 quidem
435 378 554 434 vicit;
579 377 652 420 sed
679 377 864 420 invictus
888 376 958 419 hie
983 376 1046 418 vir
1070 374 1198 418 fuisse
1218 374 1391 419 videtur
1420 393 1488 419 us-

133 473 216 515 que
229 456 282 499 ad
296 457 554 516 Scipionem.
574 457 664 500 Nos
682 466 825 499 autem
844 457 987 511 Livio,
1002 464 1043 499 et
1059 455 1237 509 Caesari,
1251 464 1294 498 et
1309 456 1488 514 Nepoti,

133 544 174 577 et
210 551 259 578 ex
294 536 439 595 graecis
471 536 751 595 scriptoribus
784 537 873 596 regi
907 535 1025 578 Jubae
1056 535 1294 589 credimus,
1323 533 1490 593 aliquo-

134 615 212 656 ties
238 613 522 657 Hannibalem
543 631 568 658 a
589 614 796 658 Marcello
822 616 986 658 victum
1010 624 1053 658 et
1075 615 1119 657 in
1143 613 1289 675 fugam
1320 630 1489 657 versum

132 708 272 735 esse.»
303 693 529 737 Plutarch.
555 696 613 737 in.
643 711 779 755 comp.
810 694 958 756 Pelop.
985 703 1025 737 et
1051 696 1193 738 Marc.
1222 710 1257 737 c.
1295 709 1330 736 1.

193 772 248 814 X.
277 771 504 815 Cornelius
523 774 683 832 Nepos,
704 775 777 832 qui
798 773 885 816 divi
905 774 1087 834 Augusti
1104 773 1350 832 principatu
1370 772 1491 825 obiit,

132 866 267 909 quum
293 850 499 894 scriberet
534 851 684 895 turdos
717 851 846 912 paulo
871 861 970 895 ante
994 862 1157 912 coeptos
1187 851 1393 911 saginari,
1418 850 1493 894 ad-

133 928 242 972 didit
276 930 462 974 ciconias
502 932 635 991 magis
670 930 854 991 placere,
889 947 1019 990 quam
1054 944 1201 990 grues3
1232 946 1367 989 quum
1404 931 1493 973 haec

133 1024 250 1051 nunc
277 1007 361 1052 ales
388 1010 502 1053 inter
525 1011 685 1069 primas
710 1020 950 1069 expetatur,
977 1008 1093 1052 illam
1114 1024 1218 1052 vero
1238 1024 1366 1052 nemo
1394 1007 1494 1051 velit

133 1086 336 1146 attigisse.
366 1087 556 1142 Plinius,
584 1104 634 1143 x,
665 1086 736 1132 23.

197 1166 326 1226 Apud
353 1167 554 1227 antiquos
585 1168 767 1227 piscium
796 1166 1088 1211 nobilissimus
1118 1167 1291 1211 habitus
1323 1167 1494 1227 acipen-

136 1261 246 1288 ser...
267 1247 420 1290 Postea
440 1247 700 1306 praecipuam
724 1247 1024 1290 auctoritatem
1045 1246 1174 1290 fuisse
1196 1245 1300 1307 lupo
1325 1255 1366 1289 et
1388 1244 1494 1288 asel-

136 1323 204 1382 lis,
224 1324 451 1370 Cornelius
474 1327 641 1386 Nepos,
669 1336 710 1369 ct
734 1326 962 1381 Laberius,
983 1336 1109 1386 poeta
1129 1327 1385 1381 mimorum,
1410 1334 1495 1367 tra-

136 1402 294 1448 didere.
322 1404 512 1458 Plimus,
544 1421 614 1460 lx,
647 1422 713 1467 17.

106 1468 109 1474 Ι
200 1483 458 1544 Magnitudo
488 1483 577 1528 loto
605 1484 773 1540 arbori,
803 1501 896 1544 quae
922 1486 1037 1545 pir0,
1076 1501 1323 1544 quanquam
1349 1485 1495 1543 Nepos

137 1562 363 1608 Cornelius
385 1564 559 1607 brevem
579 1564 734 1608 tradat.
756 1565 919 1609 Vinum
941 1581 1112 1624 quoque
1132 1564 1389 1624 exprimitur
1414 1562 1494 1616 illi,

137 1640 275 1686 simile
300 1641 459 1699 mulso,
489 1643 606 1702 quod
633 1643 746 1687 ultra
775 1643 908 1686 denos
933 1643 1020 1687 dies
1047 1653 1177 1704 negat
1202 1642 1357 1685 durare
1382 1641 1495 1685 idem

137 1722 302 1781 Nepos;
344 1722 581 1783 baccasque
616 1732 817 1766 contusas
857 1739 955 1766 cum
990 1722 1095 1766 alica
1135 1722 1190 1765 ad
1229 1722 1347 1765 cibos
1382 1720 1498 1764 dolio

138 1800 279 1844 condi.
305 1801 497 1857 Plinius,
522 1818 628 1857 xm,
656 1818 722 1863 ¹7·

201 1880 416 1924 Scandula
448 1890 689 1925 contectam
721 1881 851 1925 fuisse
883 1884 1067 1925 Romam
1094 1898 1229 1941 usque
1255 1879 1310 1923 ad
1337 1878 1497 1923 bellum

139 1960 294 2020 Pyrrhi
327 1961 452 2004 annis
487 1962 782 2016 CCCCLXX,
818 1960 1045 2005 Cornelius
1072 1962 1219 2020 Nepos
1244 1969 1396 2004 auctor
1420 1968 1494 2002 est.

148 2039 326 2094 Plinius,
355 2056 455 2095 xw,
491 2056 557 2084 10.

204 2118 430 2163 Cornelius
451 2120 597 2179 Nepos
619 2119 769 2174 tradit,
787 2129 886 2163 ante
909 2119 1037 2164 Sullae
1057 2120 1283 2164 victoriam
1303 2119 1390 2163 duo
1409 2128 1500 2162 tan-

147 2208 237 2240 tum
263 2197 450 2240 triclinia
473 2200 621 2241 Romae
646 2198 774 2241 fuisse
798 2208 1012 2258 argentea.
1039 2199 1156 2244 Plin.
1182 2214 1345 2253 xxxm,
1380 2214 1394 2241 1
1412 2213 1446 2241 1.

208 2279 378 2321 Primus
402 2279 567 2321 invenit
587 2278 719 2321 lineas
740 2279 951 2334 colorare,
977 2289 1086 2322 testa
1104 2279 1172 2338 (ut
1191 2276 1360 2337 ferunt)
1380 2277 1502 2331 trita,

145 2356 438 2417 Cleophantus
457 2358 721 2402 Corinthius.
737 2361 885 2413 Hunc,
904 2367 978 2401 aut
995 2356 1142 2400 eodem
1162 2357 1337 2399 nomine
1355 2355 1501 2410 alium,

146 2436 278 2480 tradit
300 2436 529 2481 Cornelius
553 2438 696 2497 Nepos
720 2447 915 2481 secutum
939 2438 983 2480 in
1004 2435 1174 2480 Italiam
1197 2438 1501 2489 Demaratum,

146 2517 370 2576 Tarquinii
404 2517 561 2573 Prisci,
599 2518 785 2561 Romani
821 2518 951 2578 regis,
992 2526 1178 2577 patrem,
1213 2515 1445 2576 fugientem
1482 2531 1505 2557 a

148 2597 360 2640 Corintho
386 2597 566 2657 injurias
594 2597 765 2658 Cypseli
793 2598 975 2658 tyranni.
1009 2596 1123 2641 Plin.
1152 2611 1288 2650 XXXV,
1319 2593 1357 2638 3.

1247 2691 1260 2717 1
1278 2691 1311 2717 1.
