1859 3310
319 226 392 269 934
922 232 1083 267 NOTAE

317 309 418 344 addit
432 309 710 357 significationi;
721 312 909 347 Asdrubal
919 326 1008 349 vero
1018 340 1028 357 ‚
1042 325 1158 361 graece
1177 310 1416 359 Ἀσὸρούζαλ
1436 314 1493 348 vel
1508 310 1689 358 Ἀα-ἓρούψ

317 369 405 415 (ἶας,
429 379 578 418 patruus
606 373 738 420 ipsius,
757 385 801 408 ex
821 385 847 409 α,
870 380 905 409 et
930 373 1126 421 στροβελὸς
1145 388 1207 411 seu
1230 373 1463 421 στράβηλος,
1486 382 1691 419 tortuosus,

318 433 380 480 qui
401 433 615 481 circumagit
633 435 724 468 sicut
736 432 926 482 στρόζιλος
945 444 1006 471 aut
1021 438 1129 472 turbo
1142 465 1152 482 ‚
1171 438 1343 481 trochus;
1362 438 1420 472 vel
1439 437 1486 472 ab
1507 433 1690 482 &apoco-

318 491 468 538 λέομαι,
491 495 610 529 sidere
629 495 790 542 percuti,
813 497 911 531 malo
936 496 1061 531 afflatu
1090 499 1193 543 laedi3
1223 496 1474 545 ἀστροέολία,
1497 497 1692 541 sideratio,

318 557 432 590 malus
456 562 636 590 astrorum
656 554 820 600 afflatu53
844 554 1052 602 ἀστροζλνῖς
1069 571 1139 605 pro
1160 557 1411 608 ἀστςοζολίτς,
1430 560 1628 603 sideratus‚
1646 559 1695 594 si-

318 618 405 652 dere
428 616 598 650 caniculae
623 629 836 664 percussus,
861 620 919 654 vel
948 619 1055 666 hujus
1081 621 1178 654 malo
1205 621 1329 657 afflatu
1358 623 1470 657 laesus.
1496 620 1595 656 Patri
1619 619 1695 665 ejus

318 678 503 720 Amilcar,
539 689 654 724 graece
680 676 875 724 Ἀμίλκας,
908 693 1046 715 nomen
1073 680 1231 715 inditum
1263 690 1334 727 est,
1371 696 1416 718 ex
1441 695 1467 717 α,
1503 687 1699 728 augment„

318 745 352 772 et
387 734 581 786 μειλίχιος
613 739 673 774 vel
707 738 906 789 μειλίχος,
945 741 1151 786 Milichius,
1181 742 1393 787 mellifluus,
1420 743 1520 790 quod
1554 754 1697 789 cogno-

318 811 401 834 men
416 807 469 834 est
487 800 608 844 Jovis‚
627 814 646 835 a
669 799 774 847 μέλι,
789 803 883 846 mel,
901 809 936 837 et
951 802 1048 850 χεζω
1074 804 1134 838 vel
1153 800 1249 850 χέω,
1263 804 1341 839 libo
1354 831 1362 847 ,
1378 804 1512 846 fundo,
1527 801 1696 838 diffluere

319 859 432 904 facio,
461 862 718 909 compositum.
753 863 823 899 Hic
851 863 949 898 enim
981 864 1070 899 deus
1093 864 1214 900 infans
1232 866 1342 900 melle
1366 865 1523 899 nutritus
1549 871 1627 898 crat
1651 864 1698 899 ab

319 921 449 968 apibus
484 929 519 957 et
552 936 573 957 a
604 925 767 971 nympha
798 925 984 968 ᾸΙθῖιζςςα,
1013 925 1113 961 unde
1145 926 1262 961 dictus
1288 938 1434 973 quoque
1463 925 1530 960 fuit
1552 926 1698 961 Μελισ-

321 979 440 1027 ο-ιιῖις,
454 984 665 1020 Melissaeus.
681 986 835 1021 Accedit
843 986 937 1021 illud
951 987 1052 1033 quod
1062 989 1232 1023 Amilcar
1242 1000 1342 1022 sacra
1352 987 1611 1022 faceredicitur
1619 999 1700 1022 cum

319 1045 503 1080 Annibale
528 1058 644 1093 puero
671 1060 736 1082 ceu
762 1048 928 1092 camillo,
949 1048 996 1082 ad
1021 1061 1122 1084 aram
1146 1056 1285 1093 stante,
1308 1049 1401 1084 sicut
1426 1049 1570 1096 Jupiter
1591 1048 1698 1083 Mili-

320 1106 422 1141 clzius
450 1108 509 1142 vel
539 1108 772 1153 stlehksoem,
806 1122 888 1144 cum
922 1110 1108 1144 Mercurio
1140 1110 1252 1157 ipsius
1283 1111 1431 1146 camillo
1457 1117 1492 1145 et
1525 1110 1702 1145 Camillus

321 1168 590 1213 dicto;accedit
602 1170 712 1206 etiam
727 1171 827 1218 quod
839 1170 1024 1215 νηφαλέυω
1035 1199 1043 1215 ,
1057 1172 1156 1207 unde
1166 1172 1348 1215 Annibal,
1365 1178 1418 1207 est
1431 1184 1513 1206 cum
1526 1171 1635 1206 melle
1646 1184 1703 1206 sa-

321 1228 484 1266 crificare
494 1258 503 1275 ‚
517 1231 595 1266 sine
609 1232 717 1277 vino3
732 1234 831 1279 quod
848 1231 1010 1276 νηφάλια.
1023 1231 1103 1278 ἱερὰ
1117 1241 1200 1268 sunt
1211 1233 1330 1268 mellis
1345 1240 1380 1267 ct
1393 1246 1496 1280 aquae
1510 1233 1699 1268 libamina.

320 1293 517 1326 Poenorum
544 1293 657 1339 igitur
689 1296 878 1338 Amilcar,
908 1296 1078 1330 Annibal
1104 1302 1139 1330 ct
1174 1295 1364 1330 Asdrubal
1389 1294 1477 1329 trini
1500 1302 1605 1329 erant
1628 1295 1702 1337 dii,

321 1351 459 1387 scilicet
488 1353 650 1400 Jupiter,
678 1355 882 1391 Mercurius
910 1363 946 1391 et
970 1358 1184 1403 NeptunuS,
1218 1367 1376 1402 quorum
1399 1363 1471 1390 tres
1504 1356 1614 1391 duces
1640 1369 1702 1391 sua

323 1413 475 1448 nomina
486 1414 642 1449 mutuati
655 1422 749 1451 sunt.
765 1417 860 1452 Inde
873 1417 977 1452 Poeni
988 1416 1113 1452 callidi
1126 1416 1219 1451 sicut
1236 1416 1440 1451 Mercurius
1450 1443 1459 1460 ,
1478 1424 1512 1451 et
1522 1416 1701 1452 humanas

322 1473 566 1511 sacrificantes
590 1476 623 1511 ci
647 1477 832 1522 victimas,
858 1479 950 1514 sicut
968 1478 1066 1514 Galli
1084 1477 1270 1512 Mercurio
1291 1477 1480 1520 Theman,
1506 1477 1598 1512 sicut
1619 1479 1705 1513 Jovi

323 1536 495 1582 Lycaon,
521 1545 556 1573 et
584 1538 716 1574 fabulae
744 1541 868 1587 plures
903 1540 1038 1574 horum
1058 1539 1214 1574 deorum
1240 1539 1358 1573 tribus
1381 1538 1538 1573 ducibus
1564 1551 1704 1586 cogno-

324 1597 487 1633 minibus
509 1600 711 1647 adscriptae.
738 1602 869 1648 Itaque
892 1602 988 1636 male
1016 1613 1144 1636 eorum
1162 1600 1316 1635 nomina
1337 1612 1404 1647 per
1429 1599 1454 1633 lz
1476 1600 1703 1636 scribuntur.

324 1659 380 1694 Ex
402 1661 586 1705 Amilcar,
603 1662 812 1707 Bomilcar,
840 1662 916 1708 ejus
939 1661 1008 1697 filii
1026 1674 1187 1706 nomen,
1207 1673 1321 1709 graece
1341 1658 1574 1706 Βοάμιλκας,
1592 1663 1705 1696 auxi—

324 1720 412 1754 lium
435 1723 635 1757 Amilcaris
645 1750 658 1766 ,
683 1731 805 1758 ortum
828 1730 892 1759 est.

382 1783 587 1819 Tenentem.
607 1786 691 1820 Mos
713 1785 813 1820 enim
840 1792 918 1820 erat
939 1785 1161 1832 antiquitus,
1181 1791 1221 1819 ut
1239 1797 1260 1818 a
1278 1783 1569 1820 sacrificantibus
1589 1790 1625 1819 et
1641 1783 1705 1830 ju-

324 1844 491 1880 rantibus
511 1857 580 1880 arae
599 1853 814 1881 tenerentur
837 1859 845 1880 ε

558 1913 685 1945 Talibus
698 1921 839 1946 orantem
858 1914 966 1953 dictis,
985 1924 1113 1956 arasque
1130 1920 1303 1952 tenentem,

561 1969 667 2002 Audiit
683 1971 890 2013 omnipotens.

1030 2019 1147 2055 Vino„
1167 2014 1296 2048 AEneid.
1310 2039 1318 2055 ‚
1334 2026 1385 2053 w,
1408 2026 1484 2056 219.

379 2086 462 2121 CAP.
482 2087 549 2121 IlI.
574 2089 824 2123 Foederatam.
852 2090 941 2132 Quae
966 2088 1084 2123 foedus
1108 2088 1239 2122 inierat
1263 2099 1344 2122 cum
1364 2085 1555 2121 Romanis.

380 2146 524 2182 Saltum
532 2160 755 2195 pyrenaeum
770 2150 928 2183 transiit.
948 2149 1040 2183 Vide
1051 2149 1245 2195 Polybium
1255 2176 1264 2192 ‚
1278 2148 1425 2182 Livium
1440 2154 1474 2182 et
1486 2146 1707 2194 Appianum.

383 2208 472 2244 Cum
494 2209 658 2243 omnibus
685 2210 814 2244 incolis
839 2209 1018 2256 conflixit.
1045 2210 1157 2253 Quod
1182 2209 1306 2244 multis
1328 2209 1451 2244 verbis
1473 2208 1610 2244 docent
1631 2209 1708 2243 Po-

327 2270 450 2318 lybius
476 2277 511 2305 et
534 2270 672 2305 Livius.

381 2331 446 2366 Ad
455 2333 583 2378 Alpes.
604 2332 694 2375 Quae
705 2333 888 2380 penninoe
907 2344 927 2367 a
948 2333 1041 2367 Jove
1057 2333 1241 2379 pennino,
1266 2332 1305 2366 in
1320 2344 1463 2366 summo
1486 2331 1616 2365 harum
1642 2331 1708 2365 Al-

328 2395 431 2442 pium
463 2393 578 2436 culto,
610 2393 668 2427 vel
685 2394 856 2440 paeninoe
880 2406 900 2427 a
925 2394 1069 2436 Poem's,
1092 2400 1130 2427 ut
1150 2394 1263 2440 vulgo
1287 2393 1469 2436 creditur,
1492 2399 1709 2438 nuncupatae

330 2462 433 2499 sunt,
453 2454 567 2490 hodie
592 2456 628 2489 le
650 2455 778 2502 grand
803 2455 1112 2489 Saint-Bernarrl.
1140 2471 1153 2486 «
1172 2454 1238 2488 His
1265 2454 1446 2502 (Alpibus
1467 2453 1614 2501 Poenis)
1628 2480 1638 2496 ,
1661 2453 1710 2487 ait

330 2517 485 2560 Plinius,
519 2517 542 2550 1.
580 2528 652 2559 111,
675 2528 704 2550 c.
734 2528 796 2559 17,
815 2517 970 2559 Poenos,
998 2516 1120 2551 Graiis
1143 2515 1340 2550 Herculem
1369 2515 1541 2549 transisse
1566 2526 1710 2549 memo-

332 2584 425 2613 rant.
443 2593 458 2609 u
477 2577 551 2613 Sed
568 2584 679 2624 negat
696 2577 839 2621 Livius,
858 2577 923 2612 lib.
943 2589 1009 2611 xxx
1022 2604 1032 2620 ,
1051 2589 1073 2612 a
1092 2576 1248 2612 transitu
1268 2576 1461 2611 Annibalis
1478 2576 1590 2611 Poeni
1599 2576 1711 2623 Alpes

333 2639 448 2675 dictas
473 2651 549 2674 esse
576 2639 765 2674 Poeninas.
795 2655 809 2669 a
832 2638 878 2674 Id
898 2651 1010 2686 quum
1037 2637 1134 2673 inter
1166 2650 1296 2673 omnes
1321 2644 1482 2680 constet,
1510 2637 1648 2683 inquit,
1667 2650 1710 2672 eo
