1859 3310
304 197 361 210 ιωιῑ
366 197 548 211 νυιινυινννιὶ
553 199 609 211 :mxx
615 198 669 211 cxxx
677 198 735 210 ιιπν
739 198 798 210 νινυ
802 194 1228 209 nwvmmwwmmwwwvmwtx
1234 192 1289 205 ww
1295 194 1355 207 §ww
1361 192 1633 208 mummux
1638 195 1667 205 ιν

933 391 1034 433 XV.

612 607 1358 676 EPAMINONDAS.

304 1037 697 1126 EPAMINONDAS,
720 1071 918 1132 Polymni
939 1072 1073 1128 filius,
1088 1073 1333 1117 Thebanus.
1350 1074 1418 1116 De
1437 1072 1518 1115 hoe
1538 1072 1671 1132 prius-

302 1168 431 1211 quam
458 1152 718 1209 scribamus,
743 1152 834 1196 haee
858 1152 1147 1212 praecipienda
1178 1152 1381 1196 videntur
1408 1151 1643 1195 lectoribus
1659 1186 1670 1204 ,

303 1249 356 1275 ne
378 1231 540 1275 alienos
562 1248 702 1275 mores
727 1232 781 1275 ad
804 1249 902 1275 suos
922 1231 1137 1285 1·eferant;
1163 1249 1268 1274 neve
1288 1248 1355 1289 ea,
1373 1247 1467 1291 quae
1490 1232 1592 1291 ipsis
1612 1229 1670 1273 le-

302 1312 423 1354 viora
447 1321 573 1365 sunt,
603 1312 697 1370 pari
720 1310 851 1354 modo
884 1311 1002 1371 apud
1033 1320 1197 1354 ceteros
1226 1311 1354 1355 fuisse
1386 1311 1664 1354 arbitrentur.

302 1391 468 1434 Scimus
492 1391 635 1446 enim,
666 1392 861 1434 musicen
887 1390 1044 1435 nostris
1074 1391 1267 1434 moribus
1294 1391 1438 1434 abesse
1462 1407 1487 1433 a
1510 1390 1669 1450 princi-

303 1471 367 1529 pis
390 1486 601 1530 person-&3
629 1469 784 1513 saltare
807 1487 910 1514 vero
935 1472 1064 1514 etiam
1091 1471 1135 1513 in
1163 1471 1277 1513 vitiis
1302 1470 1406 1530 poni
1431 1487 1440 1512 :
1466 1484 1559 1529 quae
1583 1485 1673 1513 om-

303 1549 373 1592 nia
392 1549 509 1609 apud
527 1549 702 1593 Graecos
717 1559 758 1593 et
772 1560 893 1611 grata
906 1585 917 1605 ,
931 1561 972 1593 et
986 1549 1113 1594 laude
1129 1550 1259 1611 digna
1274 1549 1506 1592 ducuntur.
1523 1549 1671 1606 Quum

302 1638 447 1672 autem
470 1630 712 1690 exprimere
740 1630 972 1690 imaginem
993 1630 1319 1674 consuetudinis
1342 1638 1471 1688 atque
1486 1629 1583 1671 vitae
1605 1644 1674 1672 ves—

303 1707 431 1752 limus
446 1709 780 1770 Epaminondae,
797 1709 906 1753 nihil
929 1709 1130 1753 videmur
1149 1710 1305 1753 debere
1328 1709 1672 1770 praetermittere,

302 1788 420 1848 quod
461 1790 680 1848 pertineat
717 1790 771 1833 ad
807 1807 902 1834 eam
945 1789 1264 1833 declarandam.
1298 1790 1447 1846 Quare
1482 1789 1674 1832 dicemus

303 1869 495 1928 primum
525 1868 578 1911 de
603 1885 760 1929 genere
782 1871 900 1930 ejus,
935 1869 1089 1930 deinde
1111 1869 1267 1929 quibus
1296 1867 1555 1929 disciplinis,
1578 1877 1619 1911 et
1651 1884 1675 1910 a

303 1948 460 2007 quibus
496 1949 550 1991 sit
579 1949 805 2004 eruditus,
831 1958 924 1992 tum
954 1949 1007 1992 de
1029 1949 1243 2005 moribus,
1271 1949 1521 2010 ingeniique
1544 1946 1676 1992 facul-

305 2028 491 2083 tatibus,
520 2037 561 2071 et
589 2029 622 2071 si
648 2045 731 2087 qua
762 2028 845 2071 alia
870 2029 999 2089 digna
1032 2030 1242 2072 memoria
1275 2037 1430 2083 erunt;
1453 2038 1674 2088 postremo

305 2105 358 2150 de
392 2108 520 2150 rebus
551 2109 700 2168 gestis,
730 2124 824 2167 quae
847 2124 870 2150 a
891 2107 1093 2168 plurimis
1121 2110 1317 2153 omnium
1350 2118 1675 2170 anteponuntur

306 2186 551 2231 virtutibus.

370 2269 427 2312 ΙΙ.
452 2270 593 2314 Natus
625 2270 758 2330 igitur
790 2279 913 2329 patre
941 2285 1029 2329 quo
1061 2269 1248 2313 diximus
1276 2270 1459 2313 honesto
1493 2285 1674 2330 genere,

306 2364 471 2408 pauper
489 2350 578 2409 jam
602 2366 626 2392 a
646 2348 882 2409 majoribus
908 2348 1097 2392 relictus.
1124 2349 1334 2393 Eruditus
1355 2359 1499 2394 autem
1522 2351 1601 2403 sic,
1628 2360 1675 2392 ut

307 2445 432 2471 nemo
459 2430 692 2474 Thebanus
721 2431 856 2491 inagis
882 2447 890 2472 :
920 2447 1020 2472 nam
1051 2439 1093 2472 et
1127 2430 1398 2485 citharizare,
1438 2439 1478 2472 et
1502 2438 1676 2473 cantare

307 2507 359 2550 ad
385 2509 650 2553 chordarum
683 2527 840 2554 sonum
880 2509 1034 2555 doctus
1061 2520 1122 2553 est
1155 2526 1178 2553 a
1212 2510 1444 2570 Dionysio,
1477 2510 1551 2569 qui
1589 2526 1673 2553 non

307 2588 474 2632 minore
488 2589 568 2632 suit
584 2591 625 2632 in
643 2591 814 2634 musicis
827 2590 982 2651 gloria,
1001 2608 1132 2650 qnam
1146 2593 1334 2645 Damon,
1352 2599 1424 2632 aut
1445 2592 1675 2650 Lamprus,
