1859 3310
366 215 377 237 1
389 217 407 238 2
814 205 1045 240 CORNELII
1075 205 1278 240 NEPOTIS

360 299 402 332 et
429 290 472 331 in
502 299 614 332 terra
654 289 852 332 dimicari
878 290 1015 350 magis
1051 288 1260 348 placebat.
1287 291 1440 348 Itaque
1470 289 1588 332 missi
1627 299 1726 334 sunt

360 368 516 412 delecti
538 385 638 412 cum
663 369 877 423 Leonida,
903 368 1335 412 Lacedaemoniorum
1359 385 1478 429 rege,
1495 369 1569 428 qui
1586 369 1725 412 Ther·

358 449 553 508 mopylas
571 458 864 508 occuparent,
894 447 1153 507 longiusque
1177 448 1385 492 barbaros
1408 447 1612 508 progredi
1637 464 1726 490 non

358 538 624 588 paterentur.
666 528 723 570 Hi
754 527 844 569 vim
880 527 1073 569 hostium
1114 543 1202 569 non
1234 528 1559 582 sustinuerunt,
1590 543 1727 586 eoque

357 607 452 660 loco
486 624 636 651 omnes
670 606 945 649 interierunt.
982 607 1038 649 At
1079 605 1224 649 classis
1264 608 1509 650 communis
1546 608 1728 650 Graeciae

356 696 653 730 trecentarum
681 686 878 741 navium,
914 686 958 728 in
991 702 1077 745 qua
1111 685 1307 729 ducentae
1337 695 1461 729 erant
1486 686 1727 729 Athenien-

354 767 485 821 sium,
512 766 702 826 primum
730 765 846 826 apud
871 766 1174 820 Artemisium,
1201 766 1313 808 inter
1330 766 1561 821 Euboeam,
1588 766 1727 809 conti-

353 855 617 905 nentemque
652 855 830 900 terram,
856 861 955 888 cum
982 844 1211 887 classiariis
1243 846 1372 905 regiis
1402 845 1623 900 conflixit;
1648 862 1725 888 an-

351 926 512 985 gustias
530 925 647 968 enim
664 923 977 968 Themistocles
997 923 1245 983 quaerebat,
1270 939 1325 966 ne
1342 922 1624 966 multitudine
1643 925 1726 967 cir-

351 1005 606 1047 cumiretur.
640 1005 756 1047 Hinc
795 1005 874 1047 etsi
911 1004 1005 1063 pari
1046 1002 1198 1063 proelio
1232 1002 1545 1059 discesserant,
1575 1013 1720 1046 tamen

349 1083 501 1126 eodem
529 1083 626 1127 loco
650 1101 739 1127 non
764 1093 865 1127 sunt
881 1083 973 1126 ausi
991 1099 1166 1126 manere
1183 1099 1191 1125 :
1208 1082 1325 1142 quod
1349 1092 1442 1126 erat
1457 1081 1698 1143 periculum
1713 1117 1724 1138 ,

351 1181 424 1220 ne,
451 1166 484 1207 si
509 1181 607 1224 pars
644 1165 820 1207 navium
846 1163 1195 1207 adversariorum
1224 1163 1433 1206 Euboeam
1455 1173 1721 1223 superasset,

347 1245 529 1304 ancipiti
565 1253 872 1304 premerentur
910 1241 1120 1303 periculo.
1148 1244 1249 1299 Quo
1274 1242 1437 1286 factum
1473 1253 1555 1298 est,
1585 1252 1632 1286 ut
1668 1243 1722 1286 ab

345 1324 578 1367 Artemisio
613 1323 911 1379 discederent,
946 1334 989 1366 et
1027 1322 1310 1365 exadversum
1347 1323 1562 1378 Athenas,
1603 1322 1719 1383 apud

344 1401 583 1460 Salamina,
610 1402 789 1447 classem
815 1419 938 1445 suam
958 1403 1288 1446 constituerent.

406 1485 483 1526 IV.
511 1486 568 1527 At
590 1486 778 1537 Xerxes,
797 1481 1100 1542 Thermopylis
1125 1483 1404 1542 expugnatis,
1428 1482 1630 1542 protinus
1651 1498 1722 1525 ac-

344 1565 471 1607 cessit
497 1567 630 1621 Astu,
661 1564 816 1624 idque,
843 1562 974 1607 nullis
1009 1562 1366 1618 defendentibus,
1394 1562 1631 1606 interfectis
1656 1578 1721 1606 sa-

343 1643 619 1699 cerdotibus,
660 1661 768 1704 quos
804 1645 849 1687 in
879 1660 976 1687 arce
1016 1644 1267 1698 invenerat,
1303 1642 1505 1686 incendio
1540 1641 1718 1686 delevit.

342 1724 479 1783 Cujus
505 1724 619 1767 fama
646 1724 868 1784 perterriti
890 1722 1099 1767 classiarii
1123 1739 1259 1783 quum
1276 1739 1452 1766 manere
1475 1739 1563 1765 non
1588 1721 1719 1766 aude-

340 1814 466 1859 rent,
505 1814 548 1847 et
581 1803 760 1863 plurimi
795 1804 1078 1847 hortarentur
1114 1811 1164 1845 ut
1201 1802 1352 1846 domos
1393 1818 1489 1846 suas
1520 1801 1715 1845 diseede-

338 1894 455 1939 rent,
485 1883 788 1944 moenibusque
823 1900 867 1927 se
903 1883 1211 1937 defenderent,
1251 1881 1566 1926 Themistocles
1601 1898 1714 1925 unus

338 1965 520 2017 restitit,
548 1974 592 2008 et
620 1965 846 2008 universos
877 1980 967 2007 esse
997 1980 1122 2024 pares
1152 1963 1320 2018 aiebat,
1342 1962 1556 2022 dispersos
1584 1970 1713 2005 testa-

336 2045 466 2088 batur
497 2045 730 2104 perituros.
766 2043 906 2103 quue
939 2042 1201 2103 Eurybiadi,
1242 2044 1333 2102 regi
1364 2041 1714 2086 Lacedaemonio-

335 2141 455 2180 rum,
482 2125 556 2184 qui
581 2134 675 2167 tum
701 2140 880 2167 summae
911 2123 1085 2183 imperii
1108 2132 1311 2183 praeerat,
1335 2122 1427 2166 fore
1451 2122 1709 2165 affirmabat.

335 2206 479 2261 Quem
515 2221 651 2264 quum
689 2204 855 2254 minus,
887 2220 1018 2263 quam
1052 2201 1205 2257 vellet,
1240 2211 1455 2258 moveret,
1487 2212 1620 2246 noctu
1659 2201 1711 2245 de

334 2285 468 2328 servis
493 2285 604 2340 suis,
642 2300 772 2344 quem
799 2283 953 2326 habuit
978 2281 1298 2336 fidelissimum,
1323 2281 1377 2325 ad
1399 2298 1546 2342 regem
1572 2282 1708 2337 misit,

335 2374 383 2408 ut
402 2365 440 2408 ei
459 2364 679 2407 nuntiaret
696 2364 783 2407 suis
801 2363 967 2418 verbis,
988 2362 1294 2408 «Adversarios
1315 2362 1406 2422 ejus
1423 2362 1467 2404 in
1481 2361 1582 2422 fuga
1599 2378 1706 2404 esse:

334 2445 408 2504 qui
433 2445 466 2487 si
490 2444 804 2496 discessissent,
830 2444 994 2503 majore
1017 2459 1115 2486 cum
1139 2441 1313 2498 labore,
1339 2451 1380 2485 et
1403 2441 1708 2502 longinquiore

335 2534 530 2584 tempore
551 2523 715 2567 bellum
739 2523 1063 2579 confecturum,
1089 2539 1225 2582 quum
1246 2520 1439 2582 singulos
1466 2522 1706 2565 consectari

336 2613 592 2663 cogeretur:
613 2620 721 2663 quos
748 2604 780 2645 si
810 2604 954 2645 statim
980 2603 1313 2663 aggrederetur,
1336 2600 1454 2643 brevi
1483 2601 1705 2644 universos
