1859 3310
353 251 366 274 ι
376 239 422 274 26
798 241 1029 276 CORNELII
1060 241 1265 276 NEPOTIS

412 325 487 367 IX.
523 323 738 368 Antiocho
762 321 932 383 fugato,
961 340 1110 367 verens
1137 340 1189 367 ne
1214 322 1458 377 dederetur,
1487 322 1605 383 quod
1631 324 1722 368 sine

349 401 481 446 dubio
509 401 751 457 accidisset,
786 402 819 444 si
853 402 919 444 sui
954 401 1120 445 fecisset
1155 411 1430 463 potestatem,
1461 403 1636 446 Cretam
1667 402 1723 446 ad

350 481 585 540 Gortynios
613 481 752 535 venit,
782 490 830 523 ut
860 480 937 535 ibi,
966 497 1054 540 quo
1081 497 1124 524 se
1152 481 1390 537 conferret,
1417 480 1721 525 consideraret.

349 559 467 604 Vidit
490 568 635 602 autem
653 559 719 601 vir
737 559 933 602 omnium
951 558 1270 614 callidissimus,
1294 577 1452 621 magno
1476 577 1518 604 se
1541 559 1633 604 fore
1653 577 1725 621 pe-

350 636 511 692 riculo,
540 637 621 680 nisi
651 636 757 696 quid
781 637 1056 698 providisset,
1087 649 1266 700 propter
1295 640 1518 682 avaritiam
1546 641 1725 683 Creten-

350 716 460 758 sium
487 732 495 758 :
526 731 727 776 magnam
755 717 870 759 enim
897 733 1042 760 seeum
1066 719 1293 778 pecuniam
1318 718 1539 778 portabat,
1563 717 1616 761 de
1640 734 1726 777 qua

351 795 508 839 sciebat
535 796 669 839 exisse
697 794 867 840 famam.
896 798 1050 857 Itaque
1083 798 1198 857 capit
1229 796 1312 840 tale
1341 796 1569 840 consilium
1598 813 1607 840 :
1636 813 1726 840 am—

350 875 508 935 phoras
534 874 778 937 complures
806 875 994 937 complet
1020 875 1219 937 plumbo;
1248 892 1436 919 summas
1458 876 1599 937 operit
1619 893 1727 920 auro

348 964 390 997 et
425 965 618 1016 argento.
658 957 769 1009 Has,
807 956 1090 1016 praesentibus
1127 955 1424 1016 principibus,
1466 955 1643 1016 deponit
1683 956 1725 998 in

349 1033 510 1095 templo
547 1035 718 1091 Dianae,
753 1033 960 1079 simulans
993 1052 1036 1078 se
1065 1052 1163 1078 suas
1195 1034 1393 1078 fortunas
1423 1033 1597 1078 illorum
1627 1034 1726 1078 fidei

349 1113 534 1157 credere.
574 1115 652 1158 His
688 1115 732 1158 in
765 1131 956 1158 errorem
989 1114 1197 1170 inductis,
1233 1124 1395 1158 statuas
1429 1131 1585 1170 aeneaS‚
1621 1130 1728 1174 quas

350 1209 494 1236 seeum
523 1194 748 1255 portabat,
777 1210 925 1237 omnes
954 1211 1031 1237 sua
1058 1195 1239 1255 pecunia
1267 1193 1474 1255 complet,
1501 1210 1658 1253 easque
1683 1194 1724 1236 in

351 1272 582 1333 propatulo
615 1273 731 1316 domi
765 1273 923 1332 abjicit.
961 1274 1163 1333 Gortynii
1196 1272 1405 1334 templum
1438 1289 1594 1333 magna
1626 1288 1730 1316 cura

350 1351 623 1408 custodiunt,
647 1369 735 1395 non
769 1361 856 1395 tam
883 1368 907 1395 a
935 1353 1107 1407 ceteris,
1136 1368 1267 1412 quam
1295 1353 1349 1395 ab
1381 1351 1645 1407 Hannibale,
1677 1368 1730 1394 ne

351 1430 456 1490 quid
475 1430 564 1487 ille,
590 1432 870 1475 inscientibus
893 1431 979 1487 his,
1005 1430 1197 1488 tolleret,
1220 1448 1453 1491 secumque
1475 1439 1728 1491 asportaret.

414 1512 468 1553 X.
505 1512 596 1567 Sic,
634 1512 896 1554 conservatis
931 1512 1019 1555 suis
1051 1512 1205 1568 rebus,
1233 1513 1418 1567 Poenus,
1457 1509 1591 1554 illusis
1626 1511 1731 1554 Cre-

350 1591 544 1634 tensibus
562 1591 786 1645 omnibus,
809 1589 863 1634 ad
880 1592 1077 1635 Prusiam
1099 1591 1141 1634 in
1160 1593 1350 1635 Pontum
1371 1590 1581 1651 pervenit.
1600 1587 1728 1650 Apud

350 1686 478 1730 quem
503 1670 654 1714 eodem
682 1672 827 1714 animo
851 1669 934 1714 fuit
959 1687 1060 1731 erga
1085 1669 1275 1727 Italiam,
1300 1686 1441 1730 neque
1464 1668 1581 1712 aliud
1605 1667 1731 1728 quid-

349 1766 480 1808 quam
499 1745 606 1810 egit,
628 1767 759 1810 quam
778 1767 921 1810 regem
941 1751 1125 1794 armavit
1144 1760 1186 1794 et
1203 1751 1395 1794 exercuit
1416 1749 1622 1793 adversus
1643 1750 1730 1791 Ro-

349 1845 512 1872 manos,
538 1830 682 1886 Quem
706 1846 844 1889 quum
866 1829 1031 1873 videret
1053 1829 1296 1873 domesticis
1321 1829 1450 1872 rebus
1473 1828 1618 1871 minus
1642 1843 1732 1870 esse

348 1908 601 1965 robustum,
628 1908 886 1953 conciliabat
909 1918 1244 1973 ceteros-reges,
1270 1908 1621 1969 adjungebatque
1646 1905 1732 1950 bel-

349 1986 500 2032 licosas
531 1990 742 2033 nationes.
769 1985 1019 2033 Dissidebat
1049 1989 1102 2032 ab
1131 2005 1182 2033 eo
1214 1991 1506 2049 Pergamenus
1539 2003 1614 2030 rex
1643 1988 1731 2030 Eu-

349 2083 515 2124 menes,
544 2069 752 2112 Romanis
781 2069 1086 2123 amicissimus,
1105 2067 1355 2127 bellumque
1381 2068 1493 2110 inter
1517 2083 1590 2109 eos
1614 2081 1732 2126 gere-

349 2146 478 2190 batur
501 2157 543 2190 et
559 2149 666 2191 mari
685 2158 726 2191 et
743 2158 857 2191 terra
876 2165 884 2190 :
905 2164 993 2207 quo
1018 2148 1152 2208 magis
1172 2147 1374 2208 cupiebat
1395 2163 1493 2190 eum
1513 2142 1732 2189 Hannibal

351 2227 551 2287 opprimi.
586 2226 669 2271 Sed
702 2228 936 2287 utrobique
969 2230 1184 2271 Eumenes
1218 2225 1316 2288 plus
1351 2225 1522 2269 valebat
1554 2233 1733 2286 propter

350 2308 649 2350 Romanorum
682 2308 929 2351 societatem
961 2325 970 2351 :
1007 2325 1135 2368 quem
1169 2308 1201 2350 si
1234 2307 1508 2362 removisset,
1541 2302 1732 2348 faciliora

352 2386 430 2428 sibi
456 2395 597 2429 cetera
617 2386 708 2429 fore
731 2387 1037 2430 arbitrabatur.
1064 2387 1129 2431 Ad
1156 2387 1273 2430 hunc
1298 2383 1643 2430 interficiendum
1669 2391 1732 2425 ta-

351 2463 433 2507 lem
456 2467 552 2509 iniit
576 2468 802 2510 rationem.
824 2466 970 2511 Classe
995 2468 1142 2528 paucis
1166 2466 1316 2509 diebus
1340 2474 1462 2508 erant
1487 2462 1701 2506 decreturi
1723 2479 1731 2504 :

353 2546 639 2606 superabatur
658 2548 832 2590 navium
853 2546 1132 2590 multitudine
1155 2564 1164 2589 :
1190 2545 1292 2589 dolo
1311 2554 1402 2588 erat
1425 2541 1733 2604 pugnandum,

353 2639 488 2682 quum
517 2641 594 2685 par
616 2642 700 2667 non
724 2636 834 2669 esset
857 2627 998 2669 armis.
1021 2626 1255 2686 Imperavit
1277 2641 1406 2683 quam
1432 2621 1639 2683 plurimas
1664 2637 1734 2664 ve-
