1859 3310
163 225 218 236 ‘⁸‘ssss
224 227 282 238 ΙΑῚΛ,
286 227 469 241 tvwxu*mvvv
473 229 532 241 ΜΝ
536 227 1027 242 Qmmmmmm
1032 229 1216 242 ἏΜἸᾹΙἋᾺΛὮ
1221 229 1277 242 Um
1283 230 1529 245 KSWKRSW

764 429 923 471 XXII.

575 642 1110 713 HAMILCAR.

738 907 948 918 4-

157 1066 473 1163 HAMILCAR,
499 1107 753 1153 Hannibalis
779 1107 913 1165 filius,
940 1109 1198 1170 cognomine
1222 1112 1398 1166 Bareas,
1424 1112 1531 1155 Car-

152 1185 454 1246 thaginiensis,
475 1189 615 1248 primo
641 1189 815 1232 Poenico
836 1188 970 1245 bello,
998 1188 1070 1232 sed
1098 1189 1365 1250 temporibus
1391 1198 1530 1232 extre-

152 1265 253 1323 mis,
288 1266 523 1310 admodum
554 1267 900 1312 adolescentulus
933 1269 976 1312 in
1012 1267 1155 1312 Sicilia
1189 1285 1369 1329 praeesse
1400 1270 1530 1330 coepit

152 1346 372 1389 exercitui.
407 1348 557 1403 Quum
592 1357 692 1390 ante
725 1347 816 1406 ejus
848 1348 1080 1391 adventum
1115 1357 1156 1391 et
1190 1349 1299 1391 mari
1336 1358 1378 1391 et
1415 1358 1530 1392 terra

151 1422 262 1468 male
287 1442 353 1468 res
382 1436 635 1486 gererentur
663 1428 1105 1488 Carthaginiensimn3
1134 1427 1246 1488 ipse,
1279 1428 1353 1470 ubi
1383 1426 1526 1484 affuit,

151 1520 376 1564 nunquam
403 1505 518 1549 hosti
550 1506 693 1561 cessit,
723 1523 862 1566 neque
893 1505 1037 1549 locum
1066 1507 1249 1550 nocendi
1286 1507 1421 1563 dedit3
1452 1523 1527 1550 sae-

150 1599 290 1643 peque
320 1586 560 1640 contrario,
593 1587 817 1629 occasione
851 1585 973 1640 data,
1008 1584 1240 1642 lacessivit,
1275 1602 1528 1647 semperque

150 1664 347 1724 superior
366 1664 558 1708 discessit
579 1682 588 1709 :
609 1682 695 1725 quo
720 1665 854 1723 facto,
873 1682 1007 1726 quum
1026 1683 1134 1727 pene
1154 1667 1299 1709 omnia
1318 1667 1362 1709 in
1384 1665 1526 1710 Sicilia

148 1744 270 1788 Poeni
296 1745 557 1801 amisissent,
583 1744 651 1789 ille
676 1748 857 1806 Erycem
880 1747 939 1790 sic
966 1746 1176 1803 defendit,
1208 1756 1256 1789 ut
1284 1745 1445 1789 bellum
1474 1763 1525 1790 eo

146 1825 242 1871 loco
254 1835 423 1888 gestum
437 1842 526 1868 non
543 1825 774 1869 videretur.
789 1827 966 1869 Interim
982 1827 1375 1886 Carthaginienses,
1393 1825 1524 1870 classe

146 1907 264 1967 apud
289 1906 450 1951 insulas
478 1906 650 1964 AEgates
676 1921 700 1948 a
729 1907 776 1949 C.
807 1907 985 1949 Lutatio
1015 1905 1191 1949 consule
1224 1908 1523 1950 Romanorum

146 1987 356 2047 superati,
385 1996 630 2031 statuerunt
659 1983 759 2027 belli
785 1984 913 2028 finem
943 1984 1099 2038 facere,
1128 2001 1307 2044 eamque
1335 2002 1426 2030 rem
1454 2004 1522 2030 ar-

146 2064 274 2109 bitrio
296 2067 583 2126 permiserunt
601 2064 868 2111 Hamilcaris.
890 2064 983 2121 Ille,
1001 2066 1079 2109 etsi
1097 2065 1312 2127 flagrabat
1334 2065 1521 2110 bellandi

145 2144 406 2204 cupiditate,
436 2156 579 2189 tamen
620 2147 714 2206 paci
753 2146 1025 2190 serviendum
1061 2147 1254 2206 putavit3
1290 2145 1407 2205 quod
1442 2161 1519 2206 pa-

146 2224 296 2278 triam,
326 2224 576 2267 exhaustam
606 2225 876 2286 sumptibus,
906 2225 1068 2268 diutius
1100 2223 1386 2268 calamitatem
1420 2223 1519 2268 belli

145 2301 255 2346 ferre
289 2320 377 2347 non
412 2320 537 2364 posse
565 2303 830 2364 intelligebat
865 2321 875 2347 ε
911 2304 982 2347 sed
1012 2305 1091 2358 ita,
1120 2313 1168 2346 ut
1202 2304 1345 2346 statim
1377 2313 1519 2346 mente

143 2384 345 2441 agitaret,
372 2383 405 2425 si
431 2380 611 2442 paulum
636 2382 766 2425 modo
794 2399 860 2425 res
885 2392 1026 2425 esseut
1050 2382 1236 2437 refectae,
1262 2381 1423 2424 bellum
1452 2399 1517 2425 re-

144 2477 324 2514 novare,
350 2464 656 2521 Romanosque
679 2463 808 2505 armis
831 2462 1048 2522 persequi,
1074 2461 1275 2504 donicum
1303 2471 1377 2505 aut
1404 2471 1517 2505 certe

145 2541 363 2598 vicissent,
389 2551 463 2585 aut
488 2542 591 2584 victi
616 2558 768 2584 manus
795 2541 1022 2584 dedissent.
1048 2544 1141 2584 Hoc
1165 2539 1344 2583 consilio
1370 2557 1514 2600 pacem

144 2620 387 2665 conciliavit
413 2639 421 2665 :
450 2622 492 2664 in
518 2637 604 2680 qua
627 2630 746 2664 tanta
771 2620 852 2663 fuit
877 2620 1056 2675 ferocia,
1083 2630 1150 2676 ut,
1175 2638 1309 2680 quum
1336 2619 1516 2665 Catulus
