1859 3310
308 266 380 301 218
910 271 1070 305 NOTAE

739 423 786 450 IN
820 422 1041 451 ARISTIDIS
1077 424 1176 452 VITA
1184 425 1218 452 M
1225 444 1231 451 .

359 533 440 567 cip.
462 532 509 566 11.
534 532 614 577 Quo
631 531 857 566 Mardonius.
879 532 985 567 Hunc
1005 540 1088 579 post
1107 534 1248 569 cladem
1267 534 1495 569 salaminiam
1514 534 1551 569 in
1571 537 1672 570 Grae-

305 592 358 626 cia
382 592 579 638 reliquerat
596 592 748 626 Xerxes.
774 592 867 626 Vide
885 594 1017 636 Purr„
1035 594 1072 628 in
1090 595 1201 629 Arist.

362 653 408 687 Ut
425 664 550 686 omnes
563 650 650 698 sere
668 653 841 687 civitates.
865 653 1047 688 Nimirum
1069 655 1200 700 Chios,
1219 656 1384 702 Samios,
1410 658 1584 704 Lesbios,
1610 671 1674 695 eo-

306 726 458 760 rumque
477 713 614 756 socios,
631 725 677 748 ex
696 714 906 758 Plutarcho,
929 716 965 750 in
986 715 1151 759 Cimone,
1172 729 1223 752 vx.

357 774 438 810 Cn.
450 774 520 810 III.
532 774 690 809 Publice.
706 775 862 810 Publico
875 783 1038 823 sumptu,
1052 777 1190 813 scilicet
1203 791 1222 813 e
1233 779 1433 826 Prytaneo,
1444 781 1509 816 ubi
1522 781 1617 818 bene
1630 782 1677 818 de

306 835 494 884 republica
515 835 654 871 meritis
670 848 871 884 eorumque
889 837 1045 884 posteris
1064 838 1179 874 victus
1197 840 1401 875 communis
1419 841 1587 877 dabatur.

359 896 529 933 Aristidis
547 896 679 933 faciem
696 897 846 934 exhibet
865 911 1052 945 numium,
1072 899 1111 935 in
1130 900 1232 947 cujus
1246 913 1320 936 uno
1335 902 1447 937 latere
1461 909 1570 950 caput
1583 903 1678 938 illius

308 966 343 994 et
370 958 623 995 ΑΡΙΣΤΙΔΗΣ
663 960 692 994 O
721 961 915 996 ΔΙΚΑΙΟΣ
939 958 1143 1010 (Aristides
1153 961 1296 1011 justus)
1305 975 1320 1005 ,·
1343 962 1383 997 in
1407 963 1524 998 altero
1546 963 1680 999 mulier

308 1020 456 1065 sedens,
475 1020 605 1057 dextra
623 1021 796 1058 baculum
814 1029 963 1068 tenens3
983 1023 1077 1058 infra
1093 1037 1100 1058 :
1121 1025 1302 1060 ΒΟΥΛΗΣ
1324 1025 1479 1060 ΓΝΩΜΗ
1494 1023 1679 1073 (senatus-

307 1081 516 1131 consultum)
524 1095 538 1126 ,·
552 1083 688 1119 circum
702 1097 709 1118 :
725 1085 791 1119 O‘r
803 1086 984 1122 AOKEIN
997 1087 1241 1122 AAA'EINAI
1254 1085 1339 1135 (non
1349 1088 1468 1123 videri
1478 1088 1545 1123 sed
1555 1086 1657 1137 esse).

746 1216 792 1244 IN
828 1216 1060 1246 PAUSANIAE
1096 1218 1251 1246 VITAM.

362 1318 443 1353 ΕΑ».
475 1320 538 1354 111.
571 1319 735 1364 Scy-cala.
771 1322 922 1368 Scytalae
951 1321 1107 1356 formam
1137 1329 1172 1356 et
1198 1334 1301 1357 usum
1327 1323 1441 1357 Aulus
1469 1322 1608 1357 Gellius
1633 1322 1682 1357 ita

311 1380 486 1416 describit
499 1407 508 1424 ‚
526 1382 628 1416 Noct.
645 1383 750 1417 Ateio.
758 1409 770 1425 ,
788 1383 852 1417 lib.
868 1395 971 1427 xvn,
987 1395 1065 1431 cap.
1080 1396 1104 1431 9
1119 1396 1126 1417 τ
1142 1399 1156 1415 «
1173 1384 1315 1418 Surculi
1329 1383 1405 1418 duo
1420 1390 1524 1418 erant
1534 1390 1683 1427 teretes,

312 1441 523 1490 oblonguli‚
537 1442 618 1489 pari
637 1451 884 1479 crassamento
910 1445 1148 1491 ejusdemque
1166 1444 1428 1491 longitudinis,
1442 1444 1561 1479 derasi
1575 1451 1683 1491 atque

312 1503 434 1539 ornati
458 1504 702 1539 consimiliter
722 1517 729 1538 :
758 1517 851 1540 unus
876 1505 1092 1553 imperatori
1115 1505 1155 1540 in
1181 1506 1320 1541 bellum
1343 1504 1593 1553 proficiscenti
1617 1505 1684 1540 da-

313 1564 440 1609 batur,
464 1565 621 1600 alterum
645 1566 749 1601 domi
772 1566 1007 1614 magistratus
1032 1579 1115 1602 cum
1135 1567 1219 1613 jure
1242 1574 1351 1615 atque
1375 1580 1458 1603 cum
1481 1567 1589 1615 signo
1613 1567 1680 1602 ha-

314 1624 462 1662 bebant.
483 1626 647 1671 Quando
667 1640 750 1662 usus
768 1635 920 1664 venerat
937 1628 1142 1664 litterarum
1160 1628 1418 1674 secretiorum,
1440 1629 1579 1663 circum
1603 1641 1685 1663 eum

313 1688 498 1722 surculum
526 1688 647 1724 lorum
677 1689 831 1724 modicae
855 1689 1060 1735 tenuitatis,
1084 1690 1238 1737 longum
1269 1697 1392 1725 autem
1428 1697 1607 1737 quantum
1632 1689 1686 1725 rei

313 1749 399 1784 satis
427 1755 521 1793 erat,
552 1750 841 1797 complicabant‚
876 1751 1067 1787 volumine
1095 1751 1260 1787 rotundo
1296 1758 1331 1787 et
1360 1751 1536 1798 simplici3
1566 1751 1615 1786 ita
1644 1757 1687 1785 ut

314 1822 388 1844 orae
412 1809 594 1856 adjunctae
617 1811 783 1859 undique
805 1819 840 1848 et
865 1813 1091 1848 cohaerentes
1117 1813 1206 1857 lori,
1231 1813 1334 1860 quod
1357 1813 1585 1860 plicabatur,
1610 1812 1686 1847 coi-

312 1878 406 1906 rent.
426 1872 583 1907 Litteras
603 1873 739 1908 deinde
757 1873 795 1908 in
821 1886 865 1909 eo
881 1874 964 1909 loro
982 1887 1050 1922 per
1069 1882 1293 1910 transversas
1314 1874 1572 1921 juncturarum
1586 1886 1686 1918 oras,

317 1933 480 1968 versibus
502 1946 524 1969 a
547 1947 690 1969 summo
714 1935 761 1970 ad
785 1935 900 1970 imum
923 1935 1261 1983 proficiscentibus,
1280 1936 1545 1971 inscribebant.
1565 1935 1611 1970 Id
1633 1936 1688 1970 lo-

313 2007 412 2039 rum,
431 1995 562 2031 litteris
579 1996 631 2032 ita
648 1996 876 2044 perscriptis,
894 1998 1103 2033 revolutum
1123 2011 1168 2033 ex
1187 1998 1333 2033 surculo
1352 1997 1569 2045 imperatori
1587 2009 1688 2032 com-

314 2057 430 2091 menti
447 2056 545 2092 illius
564 2058 715 2093 conscio
739 2058 936 2094 mittebant
956 2073 963 2093 :
982 2060 1162 2095 resolutio
1187 2066 1307 2094 autem
1326 2059 1397 2094 lori
1421 2059 1559 2093 litteras
1577 2065 1686 2093 trun-

315 2129 373 2152 cas
398 2124 507 2165 atque
529 2118 675 2154 mutilas
693 2119 889 2165 reddebat,
907 2121 1147 2168 membraque
1167 2133 1291 2156 earum
1311 2127 1346 2155 et
1365 2120 1487 2167 apices
1507 2119 1545 2154 in
1564 2126 1687 2166 partes

316 2178 580 2214 diversissimas
605 2180 811 2227 spargebat.
831 2183 1050 2228 Propterea,
1070 2182 1100 2216 si
1119 2181 1159 2217 id
1181 2182 1302 2216 lorum
1322 2181 1359 2216 in
1379 2194 1508 2216 manus
1526 2181 1688 2216 hostium

316 2239 514 2285 inciderat,
538 2240 632 2276 nihil
657 2242 855 2289 quicquam
879 2242 1080 2289 conjectari
1109 2255 1155 2278 ex
1187 2255 1231 2279 eo
1263 2243 1401 2290 scripto
1429 2243 1559 2290 quibat
1584 2256 1592 2277 ε
1625 2243 1689 2278 sed

317 2301 381 2335 ubi
400 2301 478 2345 ille,
501 2302 548 2337 ad
575 2315 684 2348 quem
704 2310 780 2338 erat
798 2303 966 2349 missum,
988 2311 1196 2352 acceperat,
1214 2305 1359 2340 surculo
1380 2304 1561 2352 compari,
1581 2317 1690 2352 quem

316 2361 493 2407 habebat,
522 2371 649 2411 capto,
682 2364 730 2399 ad
764 2363 894 2410 finem,
923 2365 1080 2414 perinde
1104 2373 1144 2401 ut
1167 2367 1304 2402 debere
1328 2365 1409 2401 fieri
1435 2366 1589 2410 sciebat,
1614 2366 1688 2401 cir-

317 2424 562 2471 cumplicabat
581 2440 588 2460 :
615 2433 723 2473 atque
743 2427 793 2461 ita
814 2426 944 2462 litterae
960 2439 1028 2475 per
1052 2428 1231 2463 ambitum
1250 2428 1420 2463 eumdem
1441 2428 1577 2463 surculi
1598 2439 1686 2461 coa-

318 2484 495 2522 lescentes
525 2499 668 2522 rursum
695 2488 865 2529 coibant,
891 2487 1147 2537 integramque
1172 2497 1206 2526 et
1224 2489 1475 2536 incorruptam
1495 2489 1687 2536 epistolam

318 2553 354 2580 et
382 2546 525 2583 facilem
544 2549 618 2596 legi
636 2550 870 2597 praestabant.
893 2551 974 2586 Hoc
987 2563 1101 2598 genus
1123 2551 1287 2599 epistolae
1307 2550 1577 2586 Lacedaemonii
1601 2561 1688 2585 σ-κυ-

319 2604 437 2645 τάλην
457 2610 656 2656 appellant.
682 2627 695 2641 »
721 2611 875 2658 Scytala
896 2614 954 2647 vel
979 2615 1142 2659 scytale,
1168 2625 1283 2660 graece
1311 2610 1506 2657 σκυτάλι’,
1531 2610 1688 2659 flagrum

320 2672 473 2714 loreum,
496 2678 530 2705 et
550 2684 698 2718 serpens
719 2673 867 2719 quidam
889 2674 949 2721 qui
969 2674 1062 2709 forte
1085 2677 1217 2722 sang&
1240 2675 1350 2721 vulgo
1375 2674 1471 2721 apud
1492 2687 1559 2708 nos
1580 2686 1690 2710 voca-
