1859 3310
768 245 901 280 DION.
1477 248 1497 283 5
1504 249 1523 284 5

148 350 268 376 mum
288 332 539 376 custodibus
560 329 691 388 sepit,
716 344 740 370 a
759 326 925 370 foribus
949 326 1023 386 qui
1051 343 1140 369 non
1167 325 1410 382 discedant,
1434 345 1524 372 cer-

149 423 214 456 tos
241 412 420 474 praeficit
446 428 454 453 :
485 425 637 452 navem
663 409 880 451 triremem
907 408 1081 451 armatis
1111 416 1258 461 ornat,
1285 405 1522 450 Philostra-

150 502 299 552 toque,
319 491 442 534 fratri
462 506 561 545 suo,
587 487 718 531 tradit
742 505 751 530 ε
777 504 957 547 eamque
982 488 1025 530 in
1053 496 1182 549 portu
1208 486 1363 547 agitari
1379 487 1523 545 jubet,

150 582 197 616 ut
223 573 256 615 si
281 587 478 614 exercere
505 570 687 630 remiges
714 567 859 623 vellet3
887 569 1104 628 cogitans,
1132 568 1165 610 si
1194 566 1304 610 forte
1334 565 1522 609 consiliis

146 651 380 694 obstitisset
410 650 610 704 fortuna,
644 659 691 692 ut
719 648 896 692 haberet
927 665 1013 707 qno
1043 647 1210 707 fugeret
1243 646 1297 689 ad
1326 645 1520 689 salutem.

147 731 333 773 Suorum
359 739 503 772 autem
531 745 553 772 e
579 745 760 772 numero
786 728 1044 787 Zacynthios
1075 726 1365 770 adolescentes
1392 743 1522 785 quos-

145 808 244 852 dam
273 807 412 869 eligit,
444 825 579 868 quum
612 807 942 863 audacissimos,
978 817 1070 849 tum
1104 807 1268 849 viribus
1300 807 1519 863 maximis;

144 888 297 947 hisque
329 888 403 931 dat
434 888 676 948 negotium,
711 897 758 930 ut
790 887 843 930 ad
874 889 1062 930 Dionem
1091 896 1190 929 eant
1220 886 1428 942 inermes,
1462 886 1522 929 sic

145 968 209 1010 uti
229 967 514 1011 conveniendi
539 967 630 1026 ejus
651 968 788 1028 gratia
814 967 1063 1010 viderentur
1086 966 1244 1008 venire.
1268 966 1323 1008 Hi
1344 976 1524 1026 propter

143 1048 343 1090 notitiam
364 1057 465 1090 sunt
485 1048 733 1089 intromissi.
756 1049 812 1090 At
838 1045 921 1101 illi,
945 1056 991 1089 ut
1017 1045 1147 1088 limen
1169 1045 1261 1103 ejus
1282 1045 1521 1100 intrarunt,

142 1124 306 1170 foribus
327 1126 558 1182 obseratis,
579 1127 623 1168 in
650 1124 760 1169 lecto
780 1127 1011 1169 cubantem
1033 1125 1266 1178 invadunt3
1285 1123 1490 1185 colligant
1511 1142 1519 1167 :

142 1204 191 1248 fit
225 1206 450 1266 strepitus,
483 1205 590 1248 adeo
624 1215 672 1248 ut
708 1205 902 1248 exaudiri
934 1214 1078 1265 posset
1115 1204 1232 1247 foris.
1270 1206 1371 1259 Hic,
1412 1205 1523 1247 sicut

141 1293 241 1327 ante
269 1284 434 1328 dictum
461 1294 547 1340 est,
575 1301 704 1345 quam
731 1285 867 1327 invisa
899 1285 953 1327 sit
982 1283 1211 1345 singularis
1238 1284 1452 1344 potentia,
1479 1294 1521 1326 et

141 1363 385 1407 miseranda
408 1364 517 1419 vita,
546 1365 669 1421 «Qui
697 1381 740 1407 se
766 1365 922 1420 metui,
957 1381 1086 1423 quam
1119 1364 1253 1406 amari
1285 1362 1478 1420 malunt,
1500 1383 1519 1403 n

141 1442 276 1486 cuivis
302 1441 423 1486 facile
447 1442 667 1487 intellectu
694 1444 788 1487 fuit.
816 1446 1015 1503 Namque
1040 1442 1100 1485 illi
1130 1444 1210 1503 ipsi
1236 1443 1461 1499 custodes,
1487 1444 1520 1488 si

141 1523 331 1583 propitia
349 1522 530 1566 fuissent
551 1522 793 1580 voluntate,
816 1523 979 1566 foribus
1000 1523 1206 1578 effractis,
1234 1539 1402 1566 servare
1421 1539 1521 1566 eum

141 1602 405 1661 potuissent3
444 1602 561 1662 quod
599 1602 659 1646 illi
700 1604 905 1659 inermes,
944 1603 1075 1646 telum
1114 1603 1217 1646 foris
1253 1602 1520 1663 flagitantes,

142 1681 288 1723 vivum
310 1681 528 1725 tenebant.
550 1683 632 1725 Cui
658 1699 794 1741 quum
820 1693 1092 1725 succurreret
1113 1699 1264 1738 nemo,
1290 1685 1409 1742 Lyco
1430 1684 1523 1742 qui-

140 1760 239 1803 dam
260 1762 555 1821 Syracusanus
578 1778 656 1822 per
679 1761 886 1805 fenestras
910 1761 1102 1822 gladium
1126 1761 1264 1817 dedit,
1292 1779 1380 1822 quo
1403 1763 1520 1806 Dion

140 1840 393 1884 interfectus
421 1851 496 1884 est.

204 1922 260 1963 X.
297 1919 504 1964 Confecta
524 1921 657 1977 caede,
683 1939 818 1981 quum
846 1921 1081 1965 multitudo
1108 1922 1274 1965 visendi
1295 1923 1435 1983 gratia
1456 1923 1522 1964 in-

139 1999 335 2054 troisset,
377 1999 576 2043 nonnulli
621 2001 674 2043 ab
717 2001 860 2044 insciis
904 2018 985 2061 pro
1029 2003 1168 2044 noxiis
1213 2002 1520 2045 conciduntur.

139 2079 274 2134 Nam,
310 2077 436 2122 celeri
471 2096 646 2123 rumore
683 2079 836 2136 dilato,
874 2081 1008 2125 Dioni
1044 2082 1130 2124 vim
1166 2080 1360 2135 allatam,
1397 2080 1522 2124 multi

141 2170 473 2215 concurrerant,
501 2161 659 2220 quibus
690 2160 774 2205 tale
808 2161 973 2205 facinus
1004 2161 1268 2223 displicebat.
1311 2163 1390 2217 Hi,
1418 2161 1522 2205 falsa

142 2240 384 2299 suspicione
420 2239 558 2295 ducti,
598 2241 892 2298 immerentes,
930 2252 979 2285 ut
1016 2242 1265 2298 sceleratos,
1301 2242 1518 2286 occidunt.

141 2319 283 2378 Hujus
318 2318 370 2362 de
399 2330 537 2363 morte
565 2330 613 2363 ut
644 2320 786 2381 palam
818 2321 981 2365 factum
1011 2331 1095 2377 est,
1122 2321 1377 2364 mirabiliter
1403 2321 1520 2382 vulgi

141 2408 308 2442 mutata
331 2408 394 2442 est
422 2398 634 2442 voluntas.
658 2401 772 2444 Nam
797 2401 870 2459 qui
902 2401 1049 2443 vivum
1070 2417 1169 2443 eum
1191 2411 1423 2461 tyrannum
1447 2418 1520 2444 vo-

143 2478 347 2535 citarant,
376 2478 504 2522 iidem
531 2476 803 2522 liberatorem
837 2481 1005 2540 patriae,
1038 2482 1297 2540 tyrannique
1322 2480 1521 2541 expulso-

144 2574 233 2600 rem
261 2558 565 2619 praedicabant.
596 2560 664 2602 Sic
691 2560 834 2602 subito
861 2559 1154 2603 misericordia
1180 2559 1280 2603 odio
1307 2576 1519 2604 successe-

147 2646 230 2693 rat,
259 2647 304 2681 ut
330 2655 428 2682 eum
451 2656 530 2682 suo
557 2640 787 2700 sanguine,
814 2641 847 2684 si
876 2650 1071 2701 possent,
1099 2640 1152 2683 ab
1179 2640 1421 2684 Acheronte
1444 2656 1519 2683 cu-
