1859 3310
173 238 184 245 ⁴
187 238 199 246 υ
202 235 602 248 ννΜἉΜΜὶὶιῑἏῑὶῒὶ
606 235 852 248 wmummth
855 235 1005 247 numm
1008 234 1534 249 mmmxxanmm

572 646 1141 714 MILTIADES.

181 1067 500 1159 lvlmmnsss,
530 1105 726 1147 Cimonis
755 1103 888 1159 filius,
919 1105 1215 1161 Atheniensis,
1245 1122 1380 1165 quum
1407 1115 1448 1148 et
1476 1122 1550 1148 an-

181 1182 383 1242 tiquitate
419 1183 607 1244 generis,
636 1193 679 1227 et
714 1182 851 1244 gloria
886 1186 1121 1245 majorum,
1151 1195 1192 1228 et
1231 1202 1307 1228 sua
1342 1185 1553 1229 modestia

182 1278 294 1306 unus
319 1265 517 1306 omnium
554 1264 741 1307 maxime
779 1264 975 1317 floreret3
1009 1280 1144 1324 eaque
1179 1275 1292 1308 esset
1324 1275 1469 1321 aetate,
1505 1275 1554 1308 ut

185 1358 272 1385 non
294 1343 385 1402 jam
413 1341 553 1385 solum
578 1343 631 1385 de
655 1360 706 1387 eo
734 1344 844 1387 bene
868 1360 1061 1404 sperare,
1083 1343 1157 1387 sed
1181 1345 1313 1387 etiam
1337 1344 1555 1388 confidere

185 1423 299 1466 cives
322 1432 500 1482 possent
523 1425 612 1478 sui,
638 1422 769 1466 talem
795 1423 1015 1479 futurum,
1042 1423 1214 1484 qualem
1243 1426 1466 1484 cognitum
1488 1425 1556 1484 ju-

185 1501 408 1557 dicarunt,
445 1502 620 1558 accidit,
649 1512 698 1545 ut
723 1503 1009 1547 Athenienses
1032 1504 1353 1548 Chersonesum
1378 1502 1556 1547 colonos

186 1579 349 1624 vellent
376 1583 563 1625 mittere.
599 1583 736 1641 Cujus
770 1584 939 1642 generis
963 1599 1098 1642 quum
1132 1599 1315 1643 magnus
1349 1599 1557 1626 numerus

187 1670 317 1714 esset,
347 1671 390 1704 et
418 1660 545 1704 multi
576 1662 668 1720 ejus
698 1660 1026 1721 demigrationis
1052 1672 1252 1721 peterent
1280 1662 1558 1716 societatem3

186 1756 239 1783 ex
259 1740 326 1783 his
350 1739 506 1784 delecti
529 1739 724 1800 Delphos
753 1740 1039 1784 deliberatum
1069 1742 1189 1785 missi
1218 1750 1338 1796 sunt,
1359 1741 1434 1800 qui
1460 1757 1561 1784 con-

188 1818 381 1863 sulerent
415 1818 684 1879 Apollinem,
723 1836 811 1879 quo
848 1821 1123 1879 potissimum
1159 1820 1269 1863 duce
1306 1829 1558 1863 uterentur:

189 1914 291 1941 nam
310 1909 404 1942 tum
417 1899 607 1942 Thraces
628 1915 698 1942 eas
720 1900 918 1959 regiones
942 1900 1166 1955 tenebant,
1187 1916 1287 1943 cum
1315 1899 1473 1959 quibus
1496 1916 1563 1943 ar-

191 1979 271 2021 mis
293 1987 384 2020 erat
404 1977 717 2021 dimicandum.
742 1979 819 2022 His
838 1977 1185 2035 consulentibus,
1206 1979 1464 2022 nominatim
1483 1981 1564 2038 Py-

191 2056 282 2101 thia
304 2058 533 2118 praecepit,
558 2067 606 2100 ut
628 2057 873 2101 Miltiadem
899 2058 981 2100 sibi
1004 2058 1311 2118 imperatorem
1328 2067 1562 2102 sumerent:

193 2136 237 2179 id
270 2137 304 2180 si
344 2136 560 2192 fecissent,
600 2137 774 2196 incepta
811 2153 1020 2196 prospera
1060 2136 1221 2181 futura.
1262 2140 1358 2181 Hoc
1398 2136 1564 2181 oraculi

193 2231 420 2276 responso,
443 2214 682 2271 Miltiades,
713 2231 812 2259 cum
842 2215 1011 2259 delecta
1045 2233 1178 2260 manu
1214 2216 1348 2260 classe
1379 2216 1566 2260 Cherso-

194 2311 347 2338 nesum
368 2294 610 2355 profectus,
635 2312 772 2354 quum
801 2298 1050 2339 accessisset
1072 2298 1308 2351 Lemnum,
1333 2306 1376 2340 et
1402 2294 1566 2338 incolas

194 2375 286 2435 ejus
320 2373 469 2417 insulae
509 2374 587 2417 sub
628 2384 888 2433 potestatem
931 2375 1127 2435 redigere
1165 2374 1297 2418 vellet
1332 2375 1569 2419 Athenien-

196 2454 327 2509 sium,
368 2453 498 2513 idque
532 2454 703 2496 Lemnii
734 2471 810 2497 sua
840 2464 994 2514 sponte
1029 2454 1243 2510 facerent,
1284 2454 1566 2514 postulasset3

197 2533 256 2577 illi
283 2532 513 2576 irridentes
550 2533 889 2593 responderunt,
919 2544 1011 2577 tum
1040 2534 1083 2577 id
1117 2551 1159 2577 se
1192 2534 1405 2588 facturos,
1433 2550 1563 2593 quum

198 2612 292 2667 ille,
317 2612 448 2656 domo
465 2612 650 2656 navibus
679 2613 972 2672 proficiscens,
1002 2624 1130 2657 vento
1158 2613 1361 2673 aquilone
1383 2613 1565 2656 venisset

1322 2709 1354 2735 1.
