1859 3310
260 406 841 491 CORNELII
900 348 1423 491 NEPoTls

562 667 1113 726 FRAGMENTA.

594 1100 979 1143 CHRONICOR
995 1101 1087 1141 UM

766 1268 859 1295 LIB.
898 1269 925 1295 1.

159 1479 191 1520 I.
230 1442 338 1525 DE
360 1480 552 1522 Homero
577 1489 619 1523 et
646 1480 835 1524 Hesiodo
863 1481 975 1524 inter
1003 1496 1152 1524 omnes
1179 1479 1266 1523 fere
1297 1478 1531 1538 scriptores

159 1558 372 1613 constitit,
405 1568 640 1619 utrumque
673 1560 825 1603 vixisse
860 1570 959 1603 ante
993 1562 1177 1604 Romam
1212 1558 1453 1613 conditam,
1484 1566 1533 1599 ut

161 1635 390 1681 Cornelius
407 1639 554 1699 Nepos
574 1640 616 1682 in
634 1640 775 1700 primo
790 1640 1109 1684 Chronicorum
1126 1639 1178 1682 de
1196 1641 1388 1682 Homero
1405 1636 1531 1689 dixit,

159 1717 284 1760 annis
309 1718 479 1762 circiter
504 1729 679 1763 centum
706 1730 747 1763 et
770 1720 1003 1781 sexaginta.
1037 1719 1213 1772 Gellius,
1242 1734 1357 1773 xvn,
1384 1734 1457 1773 21,
1491 1715 1530 1760 3.

222 1797 383 1858 Nepoti
400 1808 442 1842 et
459 1801 634 1844 Lutatio
656 1803 841 1844 Romam
862 1800 1001 1861 placet
1021 1799 1239 1844 conditam
1262 1796 1533 1858 Olympiadis

159 1879 350 1939 septimae
373 1895 487 1922 anno
510 1880 712 1924 secundo.
739 1880 868 1925 Solz'n.
895 1897 987 1941 cap.
1015 1897 1062 1924 11.

223 1958 537 2002 Archilochum
570 1961 714 2021 Nepos
747 1960 975 2004 Cornelius
1008 1958 1158 2013 tradit,
1190 1956 1319 2001 Tullo
1348 1954 1534 2000 Hostilio

156 2037 309 2082 Romae
331 2049 557 2099 regnante,
582 2041 671 2099 jam
696 2050 801 2083 tunc
824 2040 1034 2100 poematis
1062 2038 1229 2082 clarum
1256 2047 1298 2080 et
1327 2034 1530 2079 nobilem.

167 2117 347 2172 Gellius,
378 2134 494 2175 xv11,
526 2134 601 2173 21,
635 2119 675 2163 8.

226 2197 287 2239 M.
313 2197 505 2240 Manlius
529 2200 696 2254 Romae,
727 2199 801 2257 qui
830 2197 980 2244 Gallos
1007 2198 1051 2240 in
1078 2195 1302 2241 obsidione
1331 2192 1533 2254 Capitolii

163 2275 419 2336 obrepentes
443 2292 519 2336 per
548 2276 683 2320 ardua
707 2276 951 2337 depulerat,
976 2278 1201 2320 convictus
1224 2284 1286 2318 est
1308 2271 1533 2317 consilium

163 2355 215 2398 de
237 2372 372 2416 regno
392 2355 646 2416 occupando
668 2357 831 2412 iniisse,
856 2356 1173 2415 damnatusque
1195 2354 1369 2414 capitis,
1389 2369 1411 2395 e
1433 2367 1534 2395 saxo

162 2435 367 2495 Tarpeio,
394 2445 441 2478 ut
462 2436 523 2479 M.
552 2437 694 2479 Varro
721 2437 798 2492 ait,
823 2452 1012 2497 praeceps
1038 2434 1164 2478 datus
1186 2443 1269 2489 est;
1298 2442 1346 2475 ut
1371 2434 1533 2476 Corne-

165 2513 246 2557 lius
268 2523 411 2557 autem
440 2515 587 2575 Nepos
613 2516 821 2575 scriptum
850 2514 1041 2574 reliquit,
1072 2512 1338 2557 verberando
1362 2519 1532 2554 necatus

163 2604 238 2638 est.
272 2594 450 2650 Gellius,
484 2593 586 2638 ibid.
617 2612 655 2637 n.
690 2597 761 2649 24.
