1859 3310
687 204 903 239 ATTICUS.
1414 214 1426 235 1
1438 207 1454 242 Δ,
1465 202 1482 235 3

113 295 216 338 (lum
237 303 321 350 est,
370 293 558 352 optima;
589 293 621 333 si
654 289 815 343 forma,
847 288 917 332 vix
949 288 1156 331 mediocri
1188 303 1196 327 :
1231 299 1418 342 namque
1440 286 1485 327 in

113 390 161 417 ea
186 383 310 417 erant
338 371 462 433 pueri
492 366 813 421 litteratissimi,
838 373 1088 425 anagnostae
1116 362 1291 423 optimi,
1318 372 1360 405 et
1387 361 1484 422 plu-

114 454 210 497 rimi
234 451 420 505 librarii3
445 458 494 493 ut
524 464 577 491 ne
604 446 864 508 pedisequus
891 443 1068 504 quidem
1091 443 1321 503 quisquam
1354 452 1487 495 esset,

113 533 188 592 qui
219 548 308 575 non
342 539 577 588 utrumque
610 527 767 570 horum
795 523 979 586 pulchre
1019 523 1160 567 facere
1199 531 1357 584 posset.
1388 522 1485 566 Pari

112 611 242 655 inodo
271 608 455 653 artifices
481 608 632 662 ceteri,
662 622 771 666 quos
796 603 940 649 cultus
963 604 1224 648 domesticus
1252 602 1486 656 desiderat,

113 690 308 751 apprime
348 689 465 733 boni.
507 689 660 748 Neque
700 696 843 730 tamen
883 686 1042 729 horum
1080 700 1367 745 quemquam,
1406 683 1488 725 nisi

62 789 71 799 ·
113 770 230 814 (lomi
254 779 428 823 natum,
447 768 652 828 domique
680 767 843 811 factum
859 801 870 822 ,
892 765 1065 821 habuit3
1087 764 1206 824 quod
1232 774 1296 808 est
1316 765 1488 824 signum

114 866 201 893 non
222 848 362 893 solum
383 848 685 904 continentiae,
707 847 780 892 sed
800 848 930 891 etiam
951 845 1195 906 diligentiae.
1216 846 1328 889 Nam
1342 853 1384 887 et
1401 860 1489 887 non

115 931 454 990 intemperanter
499 929 829 989 concupiscere,
869 925 988 986 quod
1022 942 1046 968 a
1083 924 1282 985 plurimis
1322 923 1489 979 videas,

114 1009 374 1053 continentis
395 1008 521 1052 debet
545 1007 665 1064 duci3
690 1017 733 1050 et
757 1008 903 1068 potius
924 1005 1167 1066 diligentia,
1188 1020 1320 1064 quam
1336 1003 1490 1064 pretio,

116 1104 288 1148 parare,
314 1104 403 1131 non
427 1086 656 1130 mediocris
682 1096 747 1130 est.
779 1085 1018 1129 industriae.
1051 1084 1257 1145 Elegans,
1283 1100 1372 1127 non
1398 1099 1490 1126 ma-

115 1166 320 1227 gnificus3
352 1166 626 1228 splendidus,
657 1183 745 1210 non
779 1175 1084 1227 sumptuosus3
1121 1166 1239 1209 omni
1270 1163 1494 1225 diligentia

115 1246 394 1304 munditiem,
431 1264 520 1292 non
559 1247 851 1302 affluentiam,
884 1246 1128 1290 affectabat.
1166 1244 1369 1307 Supellex
1403 1261 1494 1288 mo-

116 1328 230 1385 dica,
255 1345 343 1372 non
367 1327 528 1385 multa,
555 1338 605 1372 ut
629 1329 673 1371 in
699 1339 899 1372 neutram
925 1337 1095 1389 partem
1122 1327 1314 1387 conspici
1334 1335 1491 1387 posset.

117 1409 207 1453 Nec
232 1409 315 1452 hoc
334 1410 586 1469 praeteribo,
613 1425 866 1470 quanquam
898 1407 1122 1452 nonnullis
1154 1406 1245 1451 leve
1274 1407 1417 1450 visum
1441 1407 1493 1449 iri

118 1498 298 1548 putem:
328 1505 465 1548 quum
489 1490 532 1532 in
563 1490 713 1550 primis
738 1487 883 1533 lautus
917 1498 1027 1533 esset
1053 1505 1183 1548 eques
1215 1504 1420 1531 romanus
1453 1496 1496 1530 et

118 1586 205 1612 non
237 1586 392 1630 parum
427 1568 661 1613 liberaliter
697 1569 878 1613 domum
916 1587 1038 1613 suam
1066 1570 1263 1613 omnium
1290 1568 1494 1612 ordinum

117 1651 312 1694 homines
354 1651 577 1707 invitaret,
614 1651 791 1708 scimus,
835 1668 924 1694 non
960 1649 1171 1711 amplius,
1213 1666 1344 1710 quam
1373 1659 1497 1693 terna

119 1728 252 1774 millia
274 1731 390 1786 aeris,
414 1747 613 1792 peraeque
639 1731 683 1774 in
712 1730 907 1792 singulos
933 1747 1120 1786 menses,
1146 1747 1194 1774 ex
1222 1729 1496 1791 ephemeride

117 1826 218 1853 eum
241 1827 478 1871 expensum
500 1812 692 1872 sumptui
714 1810 826 1855 ferre
847 1809 1036 1854 solitum.
1057 1814 1200 1871 Atque
1220 1811 1304 1854 hoc
1321 1827 1409 1854 non
1427 1826 1499 1853 au-

118 1889 279 1947 ditum,
305 1890 378 1934 sed
420 1892 646 1952 cognitum
678 1892 976 1952 praedicamus.
1004 1894 1126 1953 Saepe
1165 1892 1280 1935 enim
1316 1901 1497 1952 propter

118 1969 452 2014 familiaritatem
472 1970 717 2015 domesticis
742 1973 872 2016 rebus
893 1972 1183 2015 interfuimus.

182 2051 301 2094 XIV.
330 2051 468 2096 Nemo
494 2051 538 2094 in
570 2052 771 2095 convivio
805 2052 897 2111 ejus
929 2051 1047 2096 aliud
1079 2069 1280 2096 acroama
1311 2051 1499 2107 audivit,

120 2145 251 2187 quam
271 2140 538 2190 anagnosten
565 2148 574 2174 :
597 2131 716 2191 quod
744 2149 823 2175 nos
849 2132 1024 2192 quidem
1041 2132 1411 2192 jucundissimum
1433 2150 1499 2177 ar-

120 2206 347 2252 bitramur.
376 2211 526 2270 Neque
547 2228 740 2271 unquam
762 2213 852 2256 sine
877 2212 1021 2272 aliqua
1047 2212 1230 2258 lectione
1254 2214 1371 2275 apud
1399 2232 1497 2259 eum

121 2296 338 2331 coenatum
367 2299 448 2345 est3
477 2300 526 2333 ut
558 2307 646 2334 non
672 2292 816 2335 minus
849 2293 1016 2349 animo,
1043 2310 1174 2353 quam
1200 2303 1372 2350 ventre,
1399 2312 1500 2339 con-

121 2367 227 2410 vivae
244 2366 574 2413 delectarentur.
594 2372 794 2430 Namque
817 2388 889 2415 eos
913 2373 1121 2430 vocabat,
1142 2390 1331 2433 quorum
1357 2392 1498 2420 mores

122 2462 146 2489 a
172 2448 259 2490 suis
284 2463 372 2491 non
400 2448 696 2494 abhorrerent.
720 2452 870 2508 Quum
896 2462 1017 2496 tanta
1040 2455 1233 2515 pecuniae
1258 2452 1370 2498 facta
1390 2467 1498 2500 esset

123 2527 326 2584 accessio,
352 2527 460 2572 nihil
479 2529 531 2573 de
551 2531 807 2590 quotidiano
821 2531 941 2576 cultu
967 2536 1178 2590 mutavit,
1201 2535 1309 2580 nihil
1332 2536 1385 2580 de
1401 2538 1498 2580 vitae

124 2607 454 2665 consuetudine;
480 2619 688 2671 tantaque
714 2629 817 2656 usus
843 2623 906 2656 est
931 2614 1253 2673 moderatione,
1283 2627 1329 2660 ut
1358 2634 1496 2676 neque
