1859 3310
699 286 939 321 EUMENES.
1451 299 1498 333 97

136 368 306 410 cionem
344 377 440 427 post
474 366 711 411 Alexandri
742 378 927 411 mortem
957 377 1075 427 gesta
1104 376 1229 423 sunt,
1265 383 1501 428 omnesque

137 454 454 488 concurrerunt
492 443 547 486 ad
582 445 832 489 Perdiccam
865 445 1214 506 opprimendum.
1248 445 1393 501 Quem
1425 447 1504 490 etsi

139 524 358 567 infirmum
392 522 586 577 videbat,
620 524 737 582 quod
771 541 884 568 unus
922 525 1124 567 omnibus
1155 525 1352 568 resistere
1376 541 1504 586 coge-

138 602 292 656 batur3
316 611 460 644 tamen
478 602 665 645 amicum
688 619 776 646 non
802 602 989 646 deseruit
1003 638 1014 659 ,
1029 620 1168 663 neque
1187 602 1356 659 salutis,
1373 620 1504 663 quam

138 679 256 732 fidei,
284 679 367 723 fuit
395 681 608 741 cupidior.
639 681 894 724 Praefecerat
924 699 1023 725 eum
1059 682 1285 725 Perdiccas
1317 683 1355 724 ei
1392 684 1506 742 parti

138 760 268 816 Asiae,
294 776 390 819 quae
414 761 528 803 inter
544 762 737 804 Taurum
763 770 956 804 montem
973 762 1088 820 jacet
1105 771 1234 821 atque
1253 760 1507 821 Hellespon-

142 848 255 895 tum,
289 849 333 883 et
365 838 487 883 illum
517 857 654 883 unuin
688 851 951 901 opposuerat
975 842 1197 900 Europaeis
1224 841 1506 884 adversariis:

142 918 234 978 ipse
261 920 495 979 AEgyptum
534 929 837 979 oppugnatum
869 919 1073 962 adversus
1101 919 1383 962 Ptolemaeum
1420 929 1511 962 erat

143 997 377 1056 profectus.
405 1000 620 1041 Eumenes
644 1014 776 1057 quum
806 1014 946 1057 neque
975 1014 1153 1058 magnas
1181 998 1345 1057 copias,
1372 1014 1512 1057 neque

143 1075 290 1119 firmas
326 1076 522 1131 haberet,
552 1076 670 1135 quod
703 1076 1015 1132 inexercitatae,
1051 1086 1094 1119 et
1123 1093 1211 1119 non
1245 1074 1383 1118 multo
1413 1086 1513 1119 ante

144 1165 269 1198 erant
307 1155 558 1211 confractae,
600 1155 833 1198 adventare
871 1165 1017 1198 autem
1057 1155 1326 1210 dicerentur,
1353 1154 1516 1199 Helles-

144 1243 416 1294 pontumque
444 1233 648 1277 transisse
673 1234 905 1293 Antipater
928 1243 971 1277 et
996 1236 1202 1277 Craterus
1227 1250 1388 1294 magno
1415 1250 1515 1277 cum

145 1313 336 1356 exercitu
360 1312 680 1369 Macedonum,
701 1313 783 1355 viri
807 1329 943 1372 quum
964 1312 1184 1368 claritate,
1206 1323 1299 1355 tum
1317 1329 1396 1356 usu
1414 1311 1518 1356 belli

112 1413 118 1416 >
146 1402 400 1452 praestantes
422 1392 710 1454 (Macedones
735 1409 839 1435 vero
862 1391 1021 1436 milites
1046 1409 1095 1435 ea
1118 1402 1223 1436 tunc
1242 1402 1366 1436 erant
1384 1391 1517 1448 fama,

147 1488 234 1531 qua
258 1488 374 1515 nunc
400 1472 588 1516 Romani
612 1471 812 1515 feruntur
835 1489 844 1515 :
869 1472 1030 1515 etenim
1059 1488 1228 1532 semper
1256 1472 1393 1515 habiti
1418 1481 1520 1515 sunt

148 1549 394 1607 fortissimi,
427 1551 501 1611 qui
532 1567 746 1594 summam
775 1552 945 1611 imperii
976 1550 1269 1611 potirentur);
1303 1554 1520 1595 Eumenes

150 1629 444 1691 intelligebat,
470 1632 504 1674 si
526 1632 660 1691 copiae
684 1647 769 1674 suae
785 1640 1065 1691 cognossent,
1090 1630 1296 1674 adversus
1313 1647 1422 1690 quos
1444 1630 1522 1673 du-

150 1719 373 1766 cerentur,
402 1727 490 1753 non
513 1709 644 1753 modo
671 1726 759 1753 non
794 1711 950 1766 ituras,
977 1709 1052 1754 sed
1079 1709 1206 1753 simul
1237 1726 1338 1753 cum
1367 1709 1523 1752 nuntio

151 1790 405 1851 dilapsuras.
434 1792 586 1849 Itaque
614 1790 697 1833 hoc
731 1790 822 1850 ejus
852 1790 934 1834 fuit
958 1789 1349 1850 prudentissimum
1382 1790 1523 1833 consi-

152 1869 279 1925 lium,
303 1879 352 1912 ut
372 1869 508 1913 deviis
528 1869 756 1913 itineribus
780 1868 939 1912 milites
961 1869 1158 1925 duceret,
1184 1870 1227 1911 in
1242 1869 1399 1928 quibus
1422 1884 1525 1910 vera

152 1948 304 1992 audire
327 1965 414 1992 non
439 1959 638 2008 possent,
659 1958 701 1991 et
728 1949 795 1992 his
820 1948 1126 2008 persuaderet,
1149 1964 1193 1991 se
1218 1957 1370 1991 eontra
1394 1964 1525 2006 quos-

153 2027 253 2071 dam
279 2028 488 2071 barbaros
516 2028 745 2088 proficisci.
770 2031 924 2087 Itaque
953 2030 1092 2071 tenuit
1120 2027 1203 2070 hoe
1233 2027 1526 2087 propositum,

153 2118 197 2152 et
218 2108 338 2168 prius
376 2108 421 2150 in
454 2108 590 2150 aciem
625 2108 865 2150 exercitum
898 2106 1066 2162 eduxit,
1095 2106 1384 2166 proeliumque
1409 2122 1526 2148 com-

155 2188 297 2243 misit,
321 2203 453 2246 quam
479 2186 637 2230 milites
665 2188 731 2230 sui
760 2187 940 2241 scirent,
965 2203 1065 2229 cum
1098 2187 1253 2245 quibus
1279 2202 1399 2229 arma
1424 2201 1527 2228 con-

155 2266 331 2311 ferrent.
356 2265 515 2309 Effecit
543 2266 672 2309 etiam
702 2264 810 2308 illud
838 2264 1034 2308 locorum
1058 2265 1456 2325 praeoccupatione,
1481 2272 1529 2307 ut

156 2348 353 2407 equitatu
377 2345 522 2406 potius
546 2344 791 2400 dimicaret,
817 2359 904 2403 quo
928 2343 1024 2403 plus
1050 2343 1237 2397 valebat,
1262 2359 1394 2403 quam
1413 2343 1530 2404 pedi-

158 2436 270 2483 tatu,
293 2443 380 2486 quo
402 2434 496 2470 erat
519 2424 721 2468 deterior.

222 2508 299 2550 IV.
323 2509 527 2566 Quorum
570 2504 782 2547 acerrimo
813 2519 1029 2546 concursu
1051 2520 1187 2563 quum
1208 2520 1410 2563 magnam
1435 2519 1532 2563 par-

160 2596 247 2630 tem
278 2585 363 2628 diei
392 2595 504 2628 esset
526 2593 791 2645 pugnatum,
815 2583 931 2626 cadit
959 2585 1167 2628 Craterus
1201 2583 1310 2640 dux,
1340 2594 1383 2626 et
1413 2584 1531 2627 Neo-

160 2664 396 2725 ptolemus,
413 2664 486 2724 qui
504 2663 745 2708 secundum
769 2661 913 2706 locum
935 2663 1105 2722 imperii
1129 2663 1429 2706 tenebatmum
1451 2663 1533 2705 hoc

1298 2760 1320 2776 ν·,

1301 2778 1315 2802 l
