<?xml version="1.0" encoding="UTF-8"?>
<!DOCTYPE html PUBLIC "-//W3C//DTD XHTML 1.0 Transitional//EN"
    "http://www.w3.org/TR/xhtml1/DTD/xhtml1-transitional.dtd">
<html xmlns="http://www.w3.org/1999/xhtml" xml:lang="en" lang="en">
 <head>
  <title>
</title>
<meta http-equiv="Content-Type" content="text/html;charset=utf-8" />
  <meta name='ocr-system' content='tesseract 3.04.00' />
  <meta name='ocr-capabilities' content='ocr_page ocr_carea ocr_par ocr_line ocrx_word'/>
</head>
<body>
  <div class='ocr_page' id='page_1' title='image "./operanepo00nepouoft_0207.png"; bbox 0 0 1859 3310; ppageno 0'>
   <div class='ocr_carea' id='block_1_1' title="bbox 611 206 1504 256">
    <p class='ocr_par' dir='ltr' id='par_1_1' title="bbox 611 206 1504 256">
     <span class='ocr_line' id='line_1_1' title="bbox 611 206 1504 256; baseline 0 -13"><span class='ocrx_word' id='word_1_1' title='bbox 611 206 1033 243; x_wconf 84' lang='lat' dir='ltr'><strong>OBSERVATIONES.</strong></span> <span class='ocrx_word' id='word_1_2' title='bbox 1434 209 1504 256; x_wconf 76' lang='lat'><strong>¹89</strong></span> 
     </span>
    </p>
   </div>
   <div class='ocr_carea' id='block_1_2' title="bbox 122 286 1525 2676">
    <p class='ocr_par' dir='ltr' id='par_1_2' title="bbox 125 286 1507 1123">
     <span class='ocr_line' id='line_1_2' title="bbox 132 286 1507 338; baseline 0.001 -13"><span class='ocrx_word' id='word_1_3' title='bbox 132 289 170 325; x_wconf 91' lang='lat' dir='ltr'><strong>in</strong></span> <span class='ocrx_word' id='word_1_4' title='bbox 197 290 336 326; x_wconf 89' lang='lat' dir='ltr'><strong>deliciis</strong></span> <span class='ocrx_word' id='word_1_5' title='bbox 362 291 572 335; x_wconf 85' lang='lat' dir='ltr'><strong>habebant,</strong></span> <span class='ocrx_word' id='word_1_6' title='bbox 597 302 706 337; x_wconf 90' lang='lat' dir='ltr'><strong>quam</strong></span> <span class='ocrx_word' id='word_1_7' title='bbox 733 288 771 323; x_wconf 90' lang='lat' dir='ltr'><strong>in</strong></span> <span class='ocrx_word' id='word_1_8' title='bbox 800 289 1064 336; x_wconf 84' lang='lat' dir='ltr'><strong>plerorumque</strong></span> <span class='ocrx_word' id='word_1_9' title='bbox 1091 286 1225 322; x_wconf 88' lang='lat' dir='ltr'><strong>civium</strong></span> <span class='ocrx_word' id='word_1_10' title='bbox 1251 300 1416 334; x_wconf 89' lang='lat' dir='ltr'><strong>suorum,</strong></span> <span class='ocrx_word' id='word_1_11' title='bbox 1444 292 1507 338; x_wconf 91' lang='lat' dir='ltr'><strong>qui</strong></span> 
     </span>
     <span class='ocr_line' id='line_1_3' title="bbox 132 349 1504 399; baseline -0.001 -12"><span class='ocrx_word' id='word_1_12' title='bbox 132 362 265 399; x_wconf 82' lang='lat' dir='ltr'><strong>graecas</strong></span> <span class='ocrx_word' id='word_1_13' title='bbox 287 364 345 387; x_wconf 90' lang='lat' dir='ltr'><strong>res</strong></span> <span class='ocrx_word' id='word_1_14' title='bbox 372 353 430 387; x_wconf 90' lang='lat' dir='ltr'><strong>vel</strong></span> <span class='ocrx_word' id='word_1_15' title='bbox 457 353 566 399; x_wconf 90' lang='lat' dir='ltr'><strong>plane</strong></span> <span class='ocrx_word' id='word_1_16' title='bbox 595 350 819 397; x_wconf 84' lang='lat' dir='ltr'><strong>ignorabant</strong></span> <span class='ocrx_word' id='word_1_17' title='bbox 846 350 905 384; x_wconf 84' lang='lat' dir='ltr'><strong>vcl</strong></span> <span class='ocrx_word' id='word_1_18' title='bbox 931 349 1061 384; x_wconf 83' lang='lat' dir='ltr'><strong>leviter</strong></span> <span class='ocrx_word' id='word_1_19' title='bbox 1082 356 1225 384; x_wconf 85' lang='lat' dir='ltr'><strong>tantum</strong></span> <span class='ocrx_word' id='word_1_20' title='bbox 1248 357 1504 386; x_wconf 83' lang='lat' dir='ltr'><strong>tractaverant.</strong></span> 
     </span>
     <span class='ocr_line' id='line_1_4' title="bbox 132 410 1506 458; baseline 0 -11"><span class='ocrx_word' id='word_1_21' title='bbox 132 413 238 447; x_wconf 89' lang='lat' dir='ltr'><strong>Hunc</strong></span> <span class='ocrx_word' id='word_1_22' title='bbox 266 412 300 448; x_wconf 91' lang='lat' dir='ltr'><strong>ei</strong></span> <span class='ocrx_word' id='word_1_23' title='bbox 326 412 434 448; x_wconf 87' lang='lat' dir='ltr'><strong>fuisse</strong></span> <span class='ocrx_word' id='word_1_24' title='bbox 462 423 614 458; x_wconf 90' lang='lat' dir='ltr'><strong>scopum</strong></span> <span class='ocrx_word' id='word_1_25' title='bbox 642 410 777 446; x_wconf 86' lang='lat' dir='ltr'><strong>diserte</strong></span> <span class='ocrx_word' id='word_1_26' title='bbox 805 410 945 445; x_wconf 87' lang='lat' dir='ltr'><strong>indicat</strong></span> <span class='ocrx_word' id='word_1_27' title='bbox 976 410 1155 457; x_wconf 78' lang='lat' dir='ltr'><strong>praefatio.</strong></span> <span class='ocrx_word' id='word_1_28' title='bbox 1186 411 1231 445; x_wconf 89' lang='lat' dir='ltr'><strong>Et</strong></span> <span class='ocrx_word' id='word_1_29' title='bbox 1263 423 1337 458; x_wconf 90' lang='lat' dir='ltr'><strong>quo</strong></span> <span class='ocrx_word' id='word_1_30' title='bbox 1364 411 1506 448; x_wconf 85' lang='lat' dir='ltr'>facilius</span> 
     </span>
     <span class='ocr_line' id='line_1_5' title="bbox 130 472 1506 521; baseline 0 -12"><span class='ocrx_word' id='word_1_31' title='bbox 130 474 330 509; x_wconf 88' lang='lat' dir='ltr'><strong>multorum</strong></span> <span class='ocrx_word' id='word_1_32' title='bbox 355 474 448 509; x_wconf 89' lang='lat' dir='ltr'><strong>vitas</strong></span> <span class='ocrx_word' id='word_1_33' title='bbox 474 472 624 507; x_wconf 91' lang='lat' dir='ltr'><strong>modico</strong></span> <span class='ocrx_word' id='word_1_34' title='bbox 655 472 845 507; x_wconf 87' lang='lat' dir='ltr'><strong>volumine</strong></span> <span class='ocrx_word' id='word_1_35' title='bbox 877 472 1230 519; x_wconf 84' lang='lat' dir='ltr'><strong>comprehenderet,</strong></span> <span class='ocrx_word' id='word_1_36' title='bbox 1249 485 1335 508; x_wconf 90' lang='lat' dir='ltr'><strong>usus</strong></span> <span class='ocrx_word' id='word_1_37' title='bbox 1362 480 1414 508; x_wconf 85' lang='lat' dir='ltr'><strong>est</strong></span> <span class='ocrx_word' id='word_1_38' title='bbox 1441 486 1506 521; x_wconf 85' lang='lat' dir='ltr'><strong>ge—</strong></span> 
     </span>
     <span class='ocr_line' id='line_1_6' title="bbox 131 532 1506 582; baseline 0 -12"><span class='ocrx_word' id='word_1_39' title='bbox 131 548 218 572; x_wconf 88' lang='lat' dir='ltr'><strong>nere</strong></span> <span class='ocrx_word' id='word_1_40' title='bbox 243 534 428 571; x_wconf 88' lang='lat' dir='ltr'><strong>scribendi</strong></span> <span class='ocrx_word' id='word_1_41' title='bbox 453 533 752 581; x_wconf 88' lang='lat' dir='ltr'><strong>compendiario,</strong></span> <span class='ocrx_word' id='word_1_42' title='bbox 776 546 854 568; x_wconf 92' lang='lat' dir='ltr'><strong>non</strong></span> <span class='ocrx_word' id='word_1_43' title='bbox 881 533 952 568; x_wconf 88' lang='lat' dir='ltr'><strong>nisi</strong></span> <span class='ocrx_word' id='word_1_44' title='bbox 979 532 1137 569; x_wconf 81' lang='lat' dir='ltr'><strong>summas</strong></span> <span class='ocrx_word' id='word_1_45' title='bbox 1158 546 1281 569; x_wconf 88' lang='lat' dir='ltr'><strong>rerum</strong></span> <span class='ocrx_word' id='word_1_46' title='bbox 1306 534 1506 582; x_wconf 86' lang='lat' dir='ltr'><strong>attingens,</strong></span> 
     </span>
     <span class='ocr_line' id='line_1_7' title="bbox 130 595 1505 644; baseline -0.001 -12"><span class='ocrx_word' id='word_1_47' title='bbox 130 598 167 632; x_wconf 90' lang='lat' dir='ltr'><strong>in</strong></span> <span class='ocrx_word' id='word_1_48' title='bbox 193 596 422 644; x_wconf 65' lang='lat' dir='ltr'><strong>temporibus</strong></span> <span class='ocrx_word' id='word_1_49' title='bbox 447 595 622 630; x_wconf 88' lang='lat' dir='ltr'><strong>notandis</strong></span> <span class='ocrx_word' id='word_1_50' title='bbox 649 595 909 642; x_wconf 83' lang='lat' dir='ltr'><strong>negligentior.</strong></span> <span class='ocrx_word' id='word_1_51' title='bbox 941 595 1148 630; x_wconf 88' lang='lat' dir='ltr'><strong>Conciliare</strong></span> <span class='ocrx_word' id='word_1_52' title='bbox 1177 595 1328 631; x_wconf 88' lang='lat' dir='ltr'><strong>volebat</strong></span> <span class='ocrx_word' id='word_1_53' title='bbox 1353 597 1505 632; x_wconf 84' lang='lat' dir='ltr'><strong>Graeco—</strong></span> 
     </span>
     <span class='ocr_line' id='line_1_8' title="bbox 129 656 1506 705; baseline -0.001 -11"><span class='ocrx_word' id='word_1_54' title='bbox 129 671 210 694; x_wconf 87' lang='lat' dir='ltr'><strong>rum</strong></span> <span class='ocrx_word' id='word_1_55' title='bbox 235 657 385 705; x_wconf 86' lang='lat' dir='ltr'><strong>ingenia</strong></span> <span class='ocrx_word' id='word_1_56' title='bbox 409 664 445 692; x_wconf 90' lang='lat' dir='ltr'><strong>et</strong></span> <span class='ocrx_word' id='word_1_57' title='bbox 469 657 623 692; x_wconf 86' lang='lat' dir='ltr'><strong>virtutes</strong></span> <span class='ocrx_word' id='word_1_58' title='bbox 642 656 779 691; x_wconf 85' lang='lat' dir='ltr'><strong>civium</strong></span> <span class='ocrx_word' id='word_1_59' title='bbox 801 668 951 691; x_wconf 87' lang='lat' dir='ltr'><strong>suorum</strong></span> <span class='ocrx_word' id='word_1_60' title='bbox 977 656 1129 700; x_wconf 81' lang='lat' dir='ltr'><strong>animis;</strong></span> <span class='ocrx_word' id='word_1_61' title='bbox 1157 656 1222 691; x_wconf 90' lang='lat' dir='ltr'><strong>sed</strong></span> <span class='ocrx_word' id='word_1_62' title='bbox 1248 656 1378 692; x_wconf 89' lang='lat' dir='ltr'><strong>obesse</strong></span> <span class='ocrx_word' id='word_1_63' title='bbox 1399 657 1506 693; x_wconf 84' lang='lat' dir='ltr'><strong>vide-</strong></span> 
     </span>
     <span class='ocr_line' id='line_1_9' title="bbox 128 717 1504 766; baseline -0.001 -11"><span class='ocrx_word' id='word_1_64' title='bbox 128 721 191 755; x_wconf 87' lang='lat' dir='ltr'><strong>bat</strong></span> <span class='ocrx_word' id='word_1_65' title='bbox 216 720 351 755; x_wconf 91' lang='lat' dir='ltr'><strong>horum</strong></span> <span class='ocrx_word' id='word_1_66' title='bbox 376 725 652 766; x_wconf 84' lang='lat' dir='ltr'><strong>praeconceptas</strong></span> <span class='ocrx_word' id='word_1_67' title='bbox 682 717 900 766; x_wconf 89' lang='lat' dir='ltr'><strong>opiniones,</strong></span> <span class='ocrx_word' id='word_1_68' title='bbox 928 729 1174 765; x_wconf 88' lang='lat' dir='ltr'><strong>magnamque</strong></span> <span class='ocrx_word' id='word_1_69' title='bbox 1202 730 1350 753; x_wconf 88' lang='lat' dir='ltr'><strong>morum</strong></span> <span class='ocrx_word' id='word_1_70' title='bbox 1377 718 1504 754; x_wconf 87' lang='lat' dir='ltr'><strong>diver—</strong></span> 
     </span>
     <span class='ocr_line' id='line_1_10' title="bbox 127 779 1506 827; baseline -0.002 -11"><span class='ocrx_word' id='word_1_71' title='bbox 127 781 282 816; x_wconf 86' lang='lat' dir='ltr'><strong>sitatem.</strong></span> <span class='ocrx_word' id='word_1_72' title='bbox 302 782 434 816; x_wconf 88' lang='lat' dir='ltr'><strong>Monet</strong></span> <span class='ocrx_word' id='word_1_73' title='bbox 457 780 580 827; x_wconf 89' lang='lat' dir='ltr'><strong>itaque</strong></span> <span class='ocrx_word' id='word_1_74' title='bbox 599 780 638 814; x_wconf 91' lang='lat' dir='ltr'><strong>in</strong></span> <span class='ocrx_word' id='word_1_75' title='bbox 663 779 879 827; x_wconf 85' lang='lat' dir='ltr'><strong>praefatione</strong></span> <span class='ocrx_word' id='word_1_76' title='bbox 899 791 978 823; x_wconf 86' lang='lat' dir='ltr'><strong>eOS,</strong></span> <span class='ocrx_word' id='word_1_77' title='bbox 998 779 1061 826; x_wconf 85' lang='lat' dir='ltr'><strong>qui</strong></span> <span class='ocrx_word' id='word_1_78' title='bbox 1082 779 1176 814; x_wconf 82' lang='lat' dir='ltr'><strong>nihil</strong></span> <span class='ocrx_word' id='word_1_79' title='bbox 1196 786 1336 814; x_wconf 87' lang='lat' dir='ltr'><strong>rectum</strong></span> <span class='ocrx_word' id='word_1_80' title='bbox 1355 786 1506 827; x_wconf 87' lang='lat' dir='ltr'><strong>putant,</strong></span> 
     </span>
     <span class='ocr_line' id='line_1_11' title="bbox 127 839 1505 890; baseline -0.001 -12"><span class='ocrx_word' id='word_1_81' title='bbox 127 843 199 878; x_wconf 88' lang='lat' dir='ltr'><strong>nisi</strong></span> <span class='ocrx_word' id='word_1_82' title='bbox 230 843 332 890; x_wconf 89' lang='lat' dir='ltr'><strong>quod</strong></span> <span class='ocrx_word' id='word_1_83' title='bbox 366 842 532 890; x_wconf 90' lang='lat' dir='ltr'><strong>ipsorum</strong></span> <span class='ocrx_word' id='word_1_84' title='bbox 564 842 732 876; x_wconf 88' lang='lat' dir='ltr'><strong>moribus</strong></span> <span class='ocrx_word' id='word_1_85' title='bbox 768 840 963 885; x_wconf 91' lang='lat' dir='ltr'><strong>convenit,</strong></span> <span class='ocrx_word' id='word_1_86' title='bbox 996 847 1036 875; x_wconf 93' lang='lat' dir='ltr'><strong>ut</strong></span> <span class='ocrx_word' id='word_1_87' title='bbox 1068 839 1231 884; x_wconf 82' lang='lat' dir='ltr'><strong>discant,</strong></span> <span class='ocrx_word' id='word_1_88' title='bbox 1263 852 1341 875; x_wconf 91' lang='lat' dir='ltr'><strong>non</strong></span> <span class='ocrx_word' id='word_1_89' title='bbox 1377 841 1505 876; x_wconf 89' lang='lat' dir='ltr'><strong>eadem</strong></span> 
     </span>
     <span class='ocr_line' id='line_1_12' title="bbox 127 901 1503 950; baseline -0.002 -10"><span class='ocrx_word' id='word_1_90' title='bbox 127 904 300 940; x_wconf 88' lang='lat' dir='ltr'><strong>omnibus</strong></span> <span class='ocrx_word' id='word_1_91' title='bbox 328 916 405 939; x_wconf 88' lang='lat' dir='ltr'><strong>esse</strong></span> <span class='ocrx_word' id='word_1_92' title='bbox 430 903 586 938; x_wconf 88' lang='lat' dir='ltr'><strong>honesta</strong></span> <span class='ocrx_word' id='word_1_93' title='bbox 612 909 721 950; x_wconf 88' lang='lat' dir='ltr'><strong>atque</strong></span> <span class='ocrx_word' id='word_1_94' title='bbox 744 902 883 949; x_wconf 88' lang='lat' dir='ltr'><strong>turpia,</strong></span> <span class='ocrx_word' id='word_1_95' title='bbox 909 909 944 937; x_wconf 94' lang='lat' dir='ltr'><strong>et</strong></span> <span class='ocrx_word' id='word_1_96' title='bbox 968 902 1126 936; x_wconf 86' lang='lat' dir='ltr'><strong>illustrat</strong></span> <span class='ocrx_word' id='word_1_97' title='bbox 1151 901 1248 935; x_wconf 83' lang='lat' dir='ltr'><strong>hanc</strong></span> <span class='ocrx_word' id='word_1_98' title='bbox 1272 901 1503 937; x_wconf 84' lang='lat' dir='ltr'><strong>admonitio—</strong></span> 
     </span>
     <span class='ocr_line' id='line_1_13' title="bbox 127 956 1506 1011; baseline -0.002 -10"><span class='ocrx_word' id='word_1_99' title='bbox 127 978 211 1001; x_wconf 85' lang='lat' dir='ltr'><strong>nem</strong></span> <span class='ocrx_word' id='word_1_100' title='bbox 231 965 343 1000; x_wconf 87' lang='lat' dir='ltr'><strong>variis</strong></span> <span class='ocrx_word' id='word_1_101' title='bbox 361 965 450 1000; x_wconf 90' lang='lat' dir='ltr'><strong>scite</strong></span> <span class='ocrx_word' id='word_1_102' title='bbox 466 964 618 1000; x_wconf 87' lang='lat' dir='ltr'><strong>delectis</strong></span> <span class='ocrx_word' id='word_1_103' title='bbox 634 964 823 1011; x_wconf 87' lang='lat' dir='ltr'><strong>exemplis.</strong></span> <span class='ocrx_word' id='word_1_104' title='bbox 845 965 958 998; x_wconf 89' lang='lat' dir='ltr'><strong>Recte</strong></span> <span class='ocrx_word' id='word_1_105' title='bbox 977 963 1076 998; x_wconf 90' lang='lat' dir='ltr'><strong>enim</strong></span> <span class='ocrx_word' id='word_1_106' title='bbox 1093 962 1283 1009; x_wconf 87' lang='lat' dir='ltr'><strong>judicabat</strong></span> <span class='ocrx_word' id='word_1_107' title='bbox 1296 956 1506 1004; x_wconf 73' lang='lat' dir='ltr'><strong>Cornelius,</strong></span> 
     </span>
     <span class='ocr_line' id='line_1_14' title="bbox 127 1024 1504 1074; baseline -0.001 -12"><span class='ocrx_word' id='word_1_108' title='bbox 127 1027 352 1074; x_wconf 83' lang='lat' dir='ltr'><strong>praecipuum</strong></span> <span class='ocrx_word' id='word_1_109' title='bbox 380 1039 457 1062; x_wconf 90' lang='lat' dir='ltr'><strong>esse</strong></span> <span class='ocrx_word' id='word_1_110' title='bbox 481 1025 681 1073; x_wconf 86' lang='lat' dir='ltr'><strong>biographi</strong></span> <span class='ocrx_word' id='word_1_111' title='bbox 706 1024 890 1068; x_wconf 85' lang='lat' dir='ltr'><strong>officium,</strong></span> <span class='ocrx_word' id='word_1_112' title='bbox 917 1036 1063 1060; x_wconf 79' lang='lat' dir='ltr'><strong>servare</strong></span> <span class='ocrx_word' id='word_1_113' title='bbox 1088 1035 1210 1058; x_wconf 91' lang='lat' dir='ltr'><strong>mores</strong></span> <span class='ocrx_word' id='word_1_114' title='bbox 1235 1035 1382 1068; x_wconf 90' lang='lat' dir='ltr'><strong>eorum,</strong></span> <span class='ocrx_word' id='word_1_115' title='bbox 1407 1037 1504 1072; x_wconf 90' lang='lat' dir='ltr'><strong>quo-</strong></span> 
     </span>
     <span class='ocr_line' id='line_1_15' title="bbox 125 1086 781 1123; baseline -0.002 -2"><span class='ocrx_word' id='word_1_116' title='bbox 125 1099 206 1123; x_wconf 90' lang='lat' dir='ltr'><strong>rum</strong></span> <span class='ocrx_word' id='word_1_117' title='bbox 233 1088 349 1122; x_wconf 81' lang='lat' dir='ltr'><strong>vitam</strong></span> <span class='ocrx_word' id='word_1_118' title='bbox 376 1087 585 1122; x_wconf 89' lang='lat' dir='ltr'><strong>describere</strong></span> <span class='ocrx_word' id='word_1_119' title='bbox 612 1086 781 1120; x_wconf 89' lang='lat' dir='ltr'><strong>instituit.</strong></span> 
     </span>
    </p>

    <p class='ocr_par' dir='ltr' id='par_1_3' title="bbox 122 1146 1525 2418">
     <span class='ocr_line' id='line_1_16' title="bbox 177 1146 1507 1196; baseline -0.002 -12"><span class='ocrx_word' id='word_1_120' title='bbox 177 1149 262 1193; x_wconf 90' lang='lat' dir='ltr'><strong>Quo</strong></span> <span class='ocrx_word' id='word_1_121' title='bbox 289 1155 469 1196; x_wconf 85' lang='lat' dir='ltr'><strong>apparatu</strong></span> <span class='ocrx_word' id='word_1_122' title='bbox 493 1148 692 1182; x_wconf 91' lang='lat' dir='ltr'><strong>instructus</strong></span> <span class='ocrx_word' id='word_1_123' title='bbox 719 1147 766 1182; x_wconf 92' lang='lat' dir='ltr'><strong>ad</strong></span> <span class='ocrx_word' id='word_1_124' title='bbox 785 1147 857 1182; x_wconf 92' lang='lat' dir='ltr'><strong>hoc</strong></span> <span class='ocrx_word' id='word_1_125' title='bbox 885 1159 977 1194; x_wconf 90' lang='lat' dir='ltr'><strong>opus</strong></span> <span class='ocrx_word' id='word_1_126' title='bbox 1004 1159 1042 1182; x_wconf 89' lang='lat' dir='ltr'><strong>se</strong></span> <span class='ocrx_word' id='word_1_127' title='bbox 1066 1146 1288 1192; x_wconf 86' lang='lat' dir='ltr'><strong>accinxerit,</strong></span> <span class='ocrx_word' id='word_1_128' title='bbox 1307 1147 1346 1182; x_wconf 91' lang='lat' dir='ltr'><strong>in</strong></span> <span class='ocrx_word' id='word_1_129' title='bbox 1371 1146 1507 1195; x_wconf 79' lang='lat' dir='ltr'><strong>praesa--</strong></span> 
     </span>
     <span class='ocr_line' id='line_1_17' title="bbox 124 1207 1509 1256; baseline -0.001 -12"><span class='ocrx_word' id='word_1_130' title='bbox 124 1210 228 1245; x_wconf 88' lang='lat' dir='ltr'><strong>tione</strong></span> <span class='ocrx_word' id='word_1_131' title='bbox 246 1210 423 1245; x_wconf 84' lang='lat' dir='ltr'><strong>lectorem</strong></span> <span class='ocrx_word' id='word_1_132' title='bbox 447 1221 526 1244; x_wconf 91' lang='lat' dir='ltr'><strong>non</strong></span> <span class='ocrx_word' id='word_1_133' title='bbox 545 1209 666 1244; x_wconf 88' lang='lat' dir='ltr'><strong>docet.</strong></span> <span class='ocrx_word' id='word_1_134' title='bbox 692 1210 720 1243; x_wconf 91' lang='lat' dir='ltr'><strong>E</strong></span> <span class='ocrx_word' id='word_1_135' title='bbox 743 1208 887 1256; x_wconf 86' lang='lat' dir='ltr'><strong>paucis,</strong></span> <span class='ocrx_word' id='word_1_136' title='bbox 910 1221 988 1256; x_wconf 84' lang='lat' dir='ltr'><strong>quae</strong></span> <span class='ocrx_word' id='word_1_137' title='bbox 1007 1208 1046 1242; x_wconf 92' lang='lat' dir='ltr'><strong>in</strong></span> <span class='ocrx_word' id='word_1_138' title='bbox 1064 1207 1146 1255; x_wconf 91' lang='lat' dir='ltr'><strong>ipso</strong></span> <span class='ocrx_word' id='word_1_139' title='bbox 1172 1208 1271 1244; x_wconf 92' lang='lat' dir='ltr'><strong>libro</strong></span> <span class='ocrx_word' id='word_1_140' title='bbox 1291 1215 1509 1248; x_wconf 72' lang='lat' dir='ltr'><strong>occurrunt,</strong></span> 
     </span>
     <span class='ocr_line' id='line_1_18' title="bbox 122 1270 1507 1318; baseline -0.001 -11"><span class='ocrx_word' id='word_1_141' title='bbox 122 1271 364 1317; x_wconf 80' lang='lat' dir='ltr'><strong>citationibus</strong></span> <span class='ocrx_word' id='word_1_142' title='bbox 399 1278 522 1318; x_wconf 89' lang='lat' dir='ltr'><strong>patet,</strong></span> <span class='ocrx_word' id='word_1_143' title='bbox 556 1270 604 1305; x_wconf 86' lang='lat' dir='ltr'><strong>ad</strong></span> <span class='ocrx_word' id='word_1_144' title='bbox 636 1283 767 1305; x_wconf 90' lang='lat' dir='ltr'><strong>manus</strong></span> <span class='ocrx_word' id='word_1_145' title='bbox 803 1270 913 1305; x_wconf 85' lang='lat' dir='ltr'><strong>fuisse</strong></span> <span class='ocrx_word' id='word_1_146' title='bbox 947 1270 1123 1305; x_wconf 87' lang='lat' dir='ltr'><strong>Cornelio</strong></span> <span class='ocrx_word' id='word_1_147' title='bbox 1162 1271 1200 1304; x_wconf 92' lang='lat' dir='ltr'><strong>in</strong></span> <span class='ocrx_word' id='word_1_148' title='bbox 1237 1271 1347 1306; x_wconf 88' lang='lat' dir='ltr'><strong>rebus</strong></span> <span class='ocrx_word' id='word_1_149' title='bbox 1382 1271 1507 1318; x_wconf 80' lang='lat' dir='ltr'><strong>graecis</strong></span> 
     </span>
     <span class='ocr_line' id='line_1_19' title="bbox 126 1332 1507 1380; baseline 0 -12"><span class='ocrx_word' id='word_1_150' title='bbox 126 1333 396 1380; x_wconf 87' lang='lat' dir='ltr'><strong>cognoscendis</strong></span> <span class='ocrx_word' id='word_1_151' title='bbox 414 1332 691 1380; x_wconf 72' lang='lat' dir='ltr'><strong>Thucydidem,</strong></span> <span class='ocrx_word' id='word_1_152' title='bbox 718 1332 1006 1379; x_wconf 91' lang='lat' dir='ltr'><strong>Theopompum</strong></span> <span class='ocrx_word' id='word_1_153' title='bbox 1040 1339 1076 1367; x_wconf 93' lang='lat' dir='ltr'><strong>et</strong></span> <span class='ocrx_word' id='word_1_154' title='bbox 1112 1332 1306 1377; x_wconf 83' lang='lat' dir='ltr'><strong>Timaeum,</strong></span> <span class='ocrx_word' id='word_1_155' title='bbox 1332 1333 1371 1367; x_wconf 93' lang='lat' dir='ltr'><strong>in</strong></span> <span class='ocrx_word' id='word_1_156' title='bbox 1397 1333 1507 1368; x_wconf 88' lang='lat' dir='ltr'><strong>rebus</strong></span> 
     </span>
     <span class='ocr_line' id='line_1_20' title="bbox 125 1393 1507 1441; baseline 0 -13"><span class='ocrx_word' id='word_1_157' title='bbox 125 1394 247 1429; x_wconf 87' lang='lat' dir='ltr'><strong>siculis</strong></span> <span class='ocrx_word' id='word_1_158' title='bbox 266 1394 484 1438; x_wconf 87' lang='lat' dir='ltr'><strong>Philistum,</strong></span> <span class='ocrx_word' id='word_1_159' title='bbox 510 1394 550 1428; x_wconf 92' lang='lat' dir='ltr'><strong>in</strong></span> <span class='ocrx_word' id='word_1_160' title='bbox 578 1393 730 1441; x_wconf 90' lang='lat' dir='ltr'><strong>persicis</strong></span> <span class='ocrx_word' id='word_1_161' title='bbox 754 1393 960 1437; x_wconf 89' lang='lat' dir='ltr'><strong>Dinonem,</strong></span> <span class='ocrx_word' id='word_1_162' title='bbox 1000 1393 1038 1427; x_wconf 92' lang='lat' dir='ltr'><strong>in</strong></span> <span class='ocrx_word' id='word_1_163' title='bbox 1064 1393 1228 1428; x_wconf 88' lang='lat' dir='ltr'><strong>romanis</strong></span> <span class='ocrx_word' id='word_1_164' title='bbox 1258 1401 1392 1441; x_wconf 86' lang='lat' dir='ltr'><strong>praeter</strong></span> <span class='ocrx_word' id='word_1_165' title='bbox 1417 1394 1507 1429; x_wconf 91' lang='lat' dir='ltr'><strong>alios</strong></span> 
     </span>
     <span class='ocr_line' id='line_1_21' title="bbox 125 1455 1507 1504; baseline -0.001 -13"><span class='ocrx_word' id='word_1_166' title='bbox 125 1456 338 1504; x_wconf 81' lang='lat' dir='ltr'><strong>Polybium,</strong></span> <span class='ocrx_word' id='word_1_167' title='bbox 364 1463 403 1490; x_wconf 87' lang='lat' dir='ltr'><strong>ut</strong></span> <span class='ocrx_word' id='word_1_168' title='bbox 434 1463 469 1490; x_wconf 91' lang='lat' dir='ltr'><strong>et</strong></span> <span class='ocrx_word' id='word_1_169' title='bbox 496 1456 536 1490; x_wconf 92' lang='lat' dir='ltr'><strong>in</strong></span> <span class='ocrx_word' id='word_1_170' title='bbox 563 1456 639 1490; x_wconf 88' lang='lat' dir='ltr'><strong>vita</strong></span> <span class='ocrx_word' id='word_1_171' title='bbox 670 1455 893 1490; x_wconf 83' lang='lat' dir='ltr'><strong>Hannibalis</strong></span> <span class='ocrx_word' id='word_1_172' title='bbox 925 1455 1091 1489; x_wconf 86' lang='lat' dir='ltr'><strong>Silenum</strong></span> <span class='ocrx_word' id='word_1_173' title='bbox 1127 1462 1162 1489; x_wconf 87' lang='lat' dir='ltr'><strong>et</strong></span> <span class='ocrx_word' id='word_1_174' title='bbox 1189 1455 1360 1490; x_wconf 89' lang='lat' dir='ltr'><strong>Sosilum.</strong></span> <span class='ocrx_word' id='word_1_175' title='bbox 1388 1456 1507 1489; x_wconf 85' lang='lat' dir='ltr'><strong>Hero-</strong></span> 
     </span>
     <span class='ocr_line' id='line_1_22' title="bbox 123 1517 1508 1565; baseline -0.001 -13"><span class='ocrx_word' id='word_1_176' title='bbox 123 1519 232 1552; x_wconf 79' lang='lat' dir='ltr'><strong>dotus</strong></span> <span class='ocrx_word' id='word_1_177' title='bbox 272 1518 514 1554; x_wconf 87' lang='lat' dir='ltr'><strong>desideratur.</strong></span> <span class='ocrx_word' id='word_1_178' title='bbox 550 1519 710 1565; x_wconf 86' lang='lat' dir='ltr'><strong>Egomet</strong></span> <span class='ocrx_word' id='word_1_179' title='bbox 744 1518 838 1553; x_wconf 87' lang='lat' dir='ltr'><strong>vitas</strong></span> <span class='ocrx_word' id='word_1_180' title='bbox 875 1517 1042 1564; x_wconf 88' lang='lat' dir='ltr'><strong>priorum</strong></span> <span class='ocrx_word' id='word_1_181' title='bbox 1074 1523 1231 1563; x_wconf 85' lang='lat' dir='ltr'><strong>quatuor</strong></span> <span class='ocrx_word' id='word_1_182' title='bbox 1258 1517 1296 1551; x_wconf 91' lang='lat' dir='ltr'><strong>in</strong></span> <span class='ocrx_word' id='word_1_183' title='bbox 1333 1517 1508 1552; x_wconf 89' lang='lat' dir='ltr'><strong>Cornelio</strong></span> 
     </span>
     <span class='ocr_line' id='line_1_23' title="bbox 124 1578 1509 1627; baseline 0 -13"><span class='ocrx_word' id='word_1_184' title='bbox 124 1579 392 1626; x_wconf 85' lang='lat' dir='ltr'><strong>imperatorum</strong></span> <span class='ocrx_word' id='word_1_185' title='bbox 431 1586 569 1615; x_wconf 87' lang='lat' dir='ltr'><strong>attente</strong></span> <span class='ocrx_word' id='word_1_186' title='bbox 605 1581 733 1627; x_wconf 89' lang='lat' dir='ltr'><strong>legens</strong></span> <span class='ocrx_word' id='word_1_187' title='bbox 753 1607 762 1624; x_wconf 91' lang='lat'><strong>,</strong></span> <span class='ocrx_word' id='word_1_188' title='bbox 807 1592 940 1626; x_wconf 87' lang='lat' dir='ltr'><strong>easque</strong></span> <span class='ocrx_word' id='word_1_189' title='bbox 980 1591 1199 1625; x_wconf 82' lang='lat' dir='ltr'><strong>comparans</strong></span> <span class='ocrx_word' id='word_1_190' title='bbox 1236 1590 1318 1613; x_wconf 90' lang='lat' dir='ltr'><strong>cum</strong></span> <span class='ocrx_word' id='word_1_191' title='bbox 1356 1578 1509 1614; x_wconf 85' lang='lat' dir='ltr'><strong>historia</strong></span> 
     </span>
     <span class='ocr_line' id='line_1_24' title="bbox 125 1638 1508 1689; baseline -0.003 -12"><span class='ocrx_word' id='word_1_192' title='bbox 125 1642 330 1686; x_wconf 89' lang='lat' dir='ltr'><strong>Herodoti,</strong></span> <span class='ocrx_word' id='word_1_193' title='bbox 363 1654 442 1677; x_wconf 87' lang='lat' dir='ltr'><strong>non</strong></span> <span class='ocrx_word' id='word_1_194' title='bbox 478 1654 629 1689; x_wconf 92' lang='lat' dir='ltr'><strong>possum</strong></span> <span class='ocrx_word' id='word_1_195' title='bbox 664 1654 743 1676; x_wconf 92' lang='lat' dir='ltr'><strong>non</strong></span> <span class='ocrx_word' id='word_1_196' title='bbox 780 1640 870 1688; x_wconf 90' lang='lat' dir='ltr'><strong>quin</strong></span> <span class='ocrx_word' id='word_1_197' title='bbox 903 1640 1083 1686; x_wconf 78' lang='lat' dir='ltr'><strong>judicem,</strong></span> <span class='ocrx_word' id='word_1_198' title='bbox 1120 1638 1306 1674; x_wconf 86' lang='lat' dir='ltr'><strong>Herodoti</strong></span> <span class='ocrx_word' id='word_1_199' title='bbox 1343 1651 1434 1686; x_wconf 90' lang='lat' dir='ltr'><strong>opus</strong></span> <span class='ocrx_word' id='word_1_200' title='bbox 1470 1639 1508 1673; x_wconf 89' lang='lat' dir='ltr'><strong>in</strong></span> 
     </span>
     <span class='ocr_line' id='line_1_25' title="bbox 125 1700 1509 1751; baseline -0.004 -12"><span class='ocrx_word' id='word_1_201' title='bbox 125 1703 290 1739; x_wconf 90' lang='lat' dir='ltr'><strong>Cornelii</strong></span> <span class='ocrx_word' id='word_1_202' title='bbox 308 1710 549 1751; x_wconf 89' lang='lat' dir='ltr'><strong>conspectum</strong></span> <span class='ocrx_word' id='word_1_203' title='bbox 573 1715 652 1738; x_wconf 91' lang='lat' dir='ltr'><strong>non</strong></span> <span class='ocrx_word' id='word_1_204' title='bbox 677 1703 834 1738; x_wconf 90' lang='lat' dir='ltr'><strong>venisse.</strong></span> <span class='ocrx_word' id='word_1_205' title='bbox 853 1703 930 1737; x_wconf 88' lang='lat' dir='ltr'><strong>Nec</strong></span> <span class='ocrx_word' id='word_1_206' title='bbox 954 1701 994 1736; x_wconf 90' lang='lat' dir='ltr'><strong>id</strong></span> <span class='ocrx_word' id='word_1_207' title='bbox 1020 1701 1166 1736; x_wconf 92' lang='lat' dir='ltr'><strong>mirum.</strong></span> <span class='ocrx_word' id='word_1_208' title='bbox 1193 1702 1237 1735; x_wconf 93' lang='lat' dir='ltr'><strong>In</strong></span> <span class='ocrx_word' id='word_1_209' title='bbox 1262 1707 1364 1735; x_wconf 89' lang='lat' dir='ltr'><strong>tanta</strong></span> <span class='ocrx_word' id='word_1_210' title='bbox 1390 1700 1509 1735; x_wconf 89' lang='lat' dir='ltr'><strong>libro-</strong></span> 
     </span>
     <span class='ocr_line' id='line_1_26' title="bbox 124 1762 1525 1812; baseline -0.003 -12"><span class='ocrx_word' id='word_1_211' title='bbox 124 1778 207 1801; x_wconf 91' lang='lat' dir='ltr'><strong>rum</strong></span> <span class='ocrx_word' id='word_1_212' title='bbox 239 1777 441 1812; x_wconf 87' lang='lat' dir='ltr'><strong>graecorum</strong></span> <span class='ocrx_word' id='word_1_213' title='bbox 468 1764 596 1812; x_wconf 87' lang='lat' dir='ltr'><strong>copia,</strong></span> <span class='ocrx_word' id='word_1_214' title='bbox 622 1777 781 1812; x_wconf 91' lang='lat' dir='ltr'><strong>quorum</strong></span> <span class='ocrx_word' id='word_1_215' title='bbox 809 1764 872 1798; x_wconf 79' lang='lat' dir='ltr'><strong>vix</strong></span> <span class='ocrx_word' id='word_1_216' title='bbox 897 1763 1068 1798; x_wconf 88' lang='lat' dir='ltr'><strong>vicesima</strong></span> <span class='ocrx_word' id='word_1_217' title='bbox 1096 1775 1181 1810; x_wconf 87' lang='lat' dir='ltr'><strong>pars</strong></span> <span class='ocrx_word' id='word_1_218' title='bbox 1208 1769 1418 1809; x_wconf 90' lang='lat' dir='ltr'><strong>temporum</strong></span> <span class='ocrx_word' id='word_1_219' title='bbox 1450 1762 1525 1809; x_wconf 34' lang='lat' dir='ltr'><strong>ins</strong></span> 
     </span>
     <span class='ocr_line' id='line_1_27' title="bbox 124 1824 1510 1875; baseline -0.004 -12"><span class='ocrx_word' id='word_1_220' title='bbox 124 1827 259 1873; x_wconf 74' lang='lat' dir='ltr'><strong>iuriam</strong></span> <span class='ocrx_word' id='word_1_221' title='bbox 292 1827 442 1875; x_wconf 85' lang='lat' dir='ltr'><strong>effugit,</strong></span> <span class='ocrx_word' id='word_1_222' title='bbox 470 1840 549 1862; x_wconf 94' lang='lat' dir='ltr'><strong>non</strong></span> <span class='ocrx_word' id='word_1_223' title='bbox 576 1827 702 1862; x_wconf 92' lang='lat' dir='ltr'><strong>omnia</strong></span> <span class='ocrx_word' id='word_1_224' title='bbox 731 1839 811 1874; x_wconf 87' lang='lat' dir='ltr'><strong>quae</strong></span> <span class='ocrx_word' id='word_1_225' title='bbox 844 1826 891 1860; x_wconf 89' lang='lat' dir='ltr'><strong>ad</strong></span> <span class='ocrx_word' id='word_1_226' title='bbox 920 1838 998 1860; x_wconf 90' lang='lat' dir='ltr'><strong>rem</strong></span> <span class='ocrx_word' id='word_1_227' title='bbox 1022 1825 1283 1872; x_wconf 84' lang='lat' dir='ltr'><strong>pertinebant,</strong></span> <span class='ocrx_word' id='word_1_228' title='bbox 1307 1824 1510 1872; x_wconf 86' lang='lat' dir='ltr'><strong>praesertim</strong></span> 
     </span>
     <span class='ocr_line' id='line_1_28' title="bbox 127 1885 1509 1936; baseline -0.003 -12"><span class='ocrx_word' id='word_1_229' title='bbox 127 1888 355 1936; x_wconf 84' lang='lat' dir='ltr'><strong>antiquiora,</strong></span> <span class='ocrx_word' id='word_1_230' title='bbox 379 1889 426 1924; x_wconf 89' lang='lat' dir='ltr'><strong>ad</strong></span> <span class='ocrx_word' id='word_1_231' title='bbox 450 1902 581 1924; x_wconf 88' lang='lat' dir='ltr'><strong>manus</strong></span> <span class='ocrx_word' id='word_1_232' title='bbox 603 1902 680 1924; x_wconf 88' lang='lat' dir='ltr'><strong>esse</strong></span> <span class='ocrx_word' id='word_1_233' title='bbox 704 1894 879 1935; x_wconf 90' lang='lat' dir='ltr'><strong>poterant</strong></span> <span class='ocrx_word' id='word_1_234' title='bbox 903 1886 1076 1933; x_wconf 87' lang='lat' dir='ltr'><strong>scriptori</strong></span> <span class='ocrx_word' id='word_1_235' title='bbox 1102 1886 1142 1920; x_wconf 90' lang='lat' dir='ltr'><strong>in</strong></span> <span class='ocrx_word' id='word_1_236' title='bbox 1169 1885 1248 1934; x_wconf 89' lang='lat' dir='ltr'><strong>ipsa</strong></span> <span class='ocrx_word' id='word_1_237' title='bbox 1275 1885 1415 1921; x_wconf 83' lang='lat' dir='ltr'><strong>Graecia</strong></span> <span class='ocrx_word' id='word_1_238' title='bbox 1442 1885 1509 1921; x_wconf 92' lang='lat' dir='ltr'><strong>de-</strong></span> 
     </span>
     <span class='ocr_line' id='line_1_29' title="bbox 127 1947 1511 1998; baseline -0.004 -12"><span class='ocrx_word' id='word_1_239' title='bbox 127 1950 249 1998; x_wconf 87' lang='lat' dir='ltr'><strong>genti,</strong></span> <span class='ocrx_word' id='word_1_240' title='bbox 280 1950 419 1986; x_wconf 92' lang='lat' dir='ltr'><strong>nedum</strong></span> <span class='ocrx_word' id='word_1_241' title='bbox 444 1950 591 1985; x_wconf 84' lang='lat' dir='ltr'><strong>homini</strong></span> <span class='ocrx_word' id='word_1_242' title='bbox 616 1950 719 1984; x_wconf 83' lang='lat' dir='ltr'><strong>italo.</strong></span> <span class='ocrx_word' id='word_1_243' title='bbox 747 1951 882 1984; x_wconf 84' lang='lat' dir='ltr'><strong>Praeter</strong></span> <span class='ocrx_word' id='word_1_244' title='bbox 908 1947 1189 1995; x_wconf 85' lang='lat' dir='ltr'><strong>Thucydidem,</strong></span> <span class='ocrx_word' id='word_1_245' title='bbox 1218 1959 1292 1994; x_wconf 93' lang='lat' dir='ltr'><strong>quo</strong></span> <span class='ocrx_word' id='word_1_246' title='bbox 1319 1947 1511 1982; x_wconf 87' lang='lat' dir='ltr'><strong>Cornelius</strong></span> 
     </span>
     <span class='ocr_line' id='line_1_30' title="bbox 128 2009 1507 2057; baseline -0.003 -10"><span class='ocrx_word' id='word_1_247' title='bbox 128 2012 286 2047; x_wconf 83' lang='lat' dir='ltr'><strong>maxime</strong></span> <span class='ocrx_word' id='word_1_248' title='bbox 312 2025 396 2048; x_wconf 85' lang='lat' dir='ltr'><strong>usus</strong></span> <span class='ocrx_word' id='word_1_249' title='bbox 428 2012 594 2057; x_wconf 85' lang='lat' dir='ltr'><strong>videtur,</strong></span> <span class='ocrx_word' id='word_1_250' title='bbox 621 2012 673 2046; x_wconf 87' lang='lat' dir='ltr'><strong>ita</strong></span> <span class='ocrx_word' id='word_1_251' title='bbox 707 2018 746 2045; x_wconf 88' lang='lat' dir='ltr'><strong>ut</strong></span> <span class='ocrx_word' id='word_1_252' title='bbox 778 2010 855 2057; x_wconf 90' lang='lat' dir='ltr'><strong>ejus</strong></span> <span class='ocrx_word' id='word_1_253' title='bbox 881 2010 996 2045; x_wconf 83' lang='lat' dir='ltr'><strong>verba</strong></span> <span class='ocrx_word' id='word_1_254' title='bbox 1023 2022 1295 2056; x_wconf 89' lang='lat' dir='ltr'><strong>nonnunquam</strong></span> <span class='ocrx_word' id='word_1_255' title='bbox 1320 2021 1445 2056; x_wconf 90' lang='lat' dir='ltr'><strong>presse</strong></span> <span class='ocrx_word' id='word_1_256' title='bbox 1469 2009 1507 2043; x_wconf 90' lang='lat' dir='ltr'><strong>in</strong></span> 
     </span>
     <span class='ocr_line' id='line_1_31' title="bbox 126 2071 1510 2118; baseline -0.003 -9"><span class='ocrx_word' id='word_1_257' title='bbox 126 2086 337 2109; x_wconf 87' lang='lat' dir='ltr'><strong>sermonem</strong></span> <span class='ocrx_word' id='word_1_258' title='bbox 365 2073 522 2109; x_wconf 88' lang='lat' dir='ltr'><strong>latinum</strong></span> <span class='ocrx_word' id='word_1_259' title='bbox 558 2072 732 2117; x_wconf 87' lang='lat' dir='ltr'><strong>verterit,</strong></span> <span class='ocrx_word' id='word_1_260' title='bbox 759 2079 927 2107; x_wconf 86' lang='lat' dir='ltr'><strong>auctores</strong></span> <span class='ocrx_word' id='word_1_261' title='bbox 956 2084 1085 2106; x_wconf 90' lang='lat' dir='ltr'><strong>omnes</strong></span> <span class='ocrx_word' id='word_1_262' title='bbox 1111 2071 1245 2118; x_wconf 82' lang='lat' dir='ltr'><strong>reliqui</strong></span> <span class='ocrx_word' id='word_1_263' title='bbox 1272 2071 1320 2106; x_wconf 87' lang='lat' dir='ltr'><strong>ab</strong></span> <span class='ocrx_word' id='word_1_264' title='bbox 1347 2083 1392 2106; x_wconf 91' lang='lat' dir='ltr'><strong>eo</strong></span> <span class='ocrx_word' id='word_1_265' title='bbox 1419 2072 1510 2106; x_wconf 88' lang='lat' dir='ltr'><strong>alle-</strong></span> 
     </span>
     <span class='ocr_line' id='line_1_32' title="bbox 129 2131 1513 2183; baseline -0.003 -13"><span class='ocrx_word' id='word_1_266' title='bbox 129 2134 206 2183; x_wconf 85' lang='lat' dir='ltr'><strong>gati</strong></span> <span class='ocrx_word' id='word_1_267' title='bbox 230 2135 434 2183; x_wconf 89' lang='lat' dir='ltr'><strong>perierunt.</strong></span> <span class='ocrx_word' id='word_1_268' title='bbox 463 2135 502 2170; x_wconf 93' lang='lat' dir='ltr'><strong>Si</strong></span> <span class='ocrx_word' id='word_1_269' title='bbox 530 2141 786 2183; x_wconf 88' lang='lat' dir='ltr'><strong>superessent,</strong></span> <span class='ocrx_word' id='word_1_270' title='bbox 813 2140 998 2169; x_wconf 87' lang='lat' dir='ltr'><strong>constaret</strong></span> <span class='ocrx_word' id='word_1_271' title='bbox 1023 2133 1153 2177; x_wconf 88' lang='lat' dir='ltr'><strong>nobis,</strong></span> <span class='ocrx_word' id='word_1_272' title='bbox 1179 2146 1251 2180; x_wconf 89' lang='lat' dir='ltr'><strong>qua</strong></span> <span class='ocrx_word' id='word_1_273' title='bbox 1279 2131 1353 2167; x_wconf 85' lang='lat' dir='ltr'><strong>fide</strong></span> <span class='ocrx_word' id='word_1_274' title='bbox 1379 2140 1414 2167; x_wconf 90' lang='lat' dir='ltr'><strong>et</strong></span> <span class='ocrx_word' id='word_1_275' title='bbox 1439 2144 1513 2180; x_wconf 92' lang='lat' dir='ltr'><strong>quo</strong></span> 
     </span>
     <span class='ocr_line' id='line_1_33' title="bbox 128 2194 1512 2242; baseline -0.003 -9"><span class='ocrx_word' id='word_1_276' title='bbox 128 2198 273 2233; x_wconf 87' lang='lat' dir='ltr'><strong>delectu</strong></span> <span class='ocrx_word' id='word_1_277' title='bbox 292 2198 413 2232; x_wconf 84' lang='lat' dir='ltr'><strong>fontes</strong></span> <span class='ocrx_word' id='word_1_278' title='bbox 439 2197 583 2232; x_wconf 86' lang='lat' dir='ltr'><strong>adierit.</strong></span> <span class='ocrx_word' id='word_1_279' title='bbox 604 2199 727 2241; x_wconf 87' lang='lat' dir='ltr'><strong>Quum</strong></span> <span class='ocrx_word' id='word_1_280' title='bbox 752 2208 843 2231; x_wconf 83' lang='lat' dir='ltr'><strong>vero</strong></span> <span class='ocrx_word' id='word_1_281' title='bbox 869 2195 1009 2230; x_wconf 87' lang='lat' dir='ltr'><strong>dudum</strong></span> <span class='ocrx_word' id='word_1_282' title='bbox 1027 2195 1223 2230; x_wconf 91' lang='lat' dir='ltr'><strong>hominum</strong></span> <span class='ocrx_word' id='word_1_283' title='bbox 1251 2195 1378 2230; x_wconf 92' lang='lat' dir='ltr'><strong>oculos</strong></span> <span class='ocrx_word' id='word_1_284' title='bbox 1404 2194 1512 2242; x_wconf 90' lang='lat' dir='ltr'><strong>fuge—</strong></span> 
     </span>
     <span class='ocr_line' id='line_1_34' title="bbox 127 2255 1513 2306; baseline -0.004 -12"><span class='ocrx_word' id='word_1_285' title='bbox 127 2259 219 2303; x_wconf 90' lang='lat' dir='ltr'><strong>rint,</strong></span> <span class='ocrx_word' id='word_1_286' title='bbox 246 2271 290 2294; x_wconf 90' lang='lat' dir='ltr'><strong>eo</strong></span> <span class='ocrx_word' id='word_1_287' title='bbox 317 2259 451 2305; x_wconf 89' lang='lat' dir='ltr'><strong>majori</strong></span> <span class='ocrx_word' id='word_1_288' title='bbox 476 2259 516 2293; x_wconf 94' lang='lat' dir='ltr'><strong>in</strong></span> <span class='ocrx_word' id='word_1_289' title='bbox 541 2258 664 2306; x_wconf 86' lang='lat' dir='ltr'><strong>pretio</strong></span> <span class='ocrx_word' id='word_1_290' title='bbox 689 2257 884 2292; x_wconf 88' lang='lat' dir='ltr'><strong>habendus</strong></span> <span class='ocrx_word' id='word_1_291' title='bbox 907 2256 1018 2291; x_wconf 90' lang='lat' dir='ltr'><strong>nobis</strong></span> <span class='ocrx_word' id='word_1_292' title='bbox 1043 2263 1098 2291; x_wconf 92' lang='lat' dir='ltr'><strong>est</strong></span> <span class='ocrx_word' id='word_1_293' title='bbox 1116 2256 1329 2299; x_wconf 87' lang='lat' dir='ltr'><strong>Cornelius,</strong></span> <span class='ocrx_word' id='word_1_294' title='bbox 1357 2255 1414 2290; x_wconf 91' lang='lat' dir='ltr'><strong>cui</strong></span> <span class='ocrx_word' id='word_1_295' title='bbox 1440 2255 1513 2301; x_wconf 82' lang='lat' dir='ltr'><strong>jam</strong></span> 
     </span>
     <span class='ocr_line' id='line_1_35' title="bbox 129 2316 1514 2368; baseline -0.004 -12"><span class='ocrx_word' id='word_1_296' title='bbox 129 2320 290 2356; x_wconf 88' lang='lat' dir='ltr'><strong>historiae</strong></span> <span class='ocrx_word' id='word_1_297' title='bbox 325 2333 449 2368; x_wconf 87' lang='lat' dir='ltr'><strong>graecae</strong></span> <span class='ocrx_word' id='word_1_298' title='bbox 484 2320 682 2368; x_wconf 85' lang='lat' dir='ltr'><strong>particulas</strong></span> <span class='ocrx_word' id='word_1_299' title='bbox 710 2318 886 2366; x_wconf 86' lang='lat' dir='ltr'><strong>quasdam</strong></span> <span class='ocrx_word' id='word_1_300' title='bbox 917 2330 996 2351; x_wconf 91' lang='lat' dir='ltr'><strong>non</strong></span> <span class='ocrx_word' id='word_1_301' title='bbox 1031 2317 1282 2364; x_wconf 86' lang='lat' dir='ltr'><strong>aspernandas</strong></span> <span class='ocrx_word' id='word_1_302' title='bbox 1313 2317 1419 2352; x_wconf 89' lang='lat' dir='ltr'><strong>unice</strong></span> <span class='ocrx_word' id='word_1_303' title='bbox 1446 2316 1514 2352; x_wconf 90' lang='lat' dir='ltr'><strong>de-</strong></span> 
     </span>
     <span class='ocr_line' id='line_1_36' title="bbox 128 2383 269 2418; baseline -0.007 0"><span class='ocrx_word' id='word_1_304' title='bbox 128 2383 269 2418; x_wconf 84' lang='lat' dir='ltr'><strong>bemus.</strong></span> 
     </span>
    </p>

    <p class='ocr_par' dir='ltr' id='par_1_4' title="bbox 129 2438 1515 2676">
     <span class='ocr_line' id='line_1_37' title="bbox 180 2438 1515 2490; baseline -0.005 -10"><span class='ocrx_word' id='word_1_305' title='bbox 180 2446 365 2480; x_wconf 91' lang='lat' dir='ltr'><strong>Jacturam</strong></span> <span class='ocrx_word' id='word_1_306' title='bbox 394 2443 495 2479; x_wconf 85' lang='lat' dir='ltr'><strong>haud</strong></span> <span class='ocrx_word' id='word_1_307' title='bbox 514 2445 633 2479; x_wconf 85' lang='lat' dir='ltr'><strong>levem</strong></span> <span class='ocrx_word' id='word_1_308' title='bbox 661 2442 832 2478; x_wconf 85' lang='lat' dir='ltr'><strong>existimo</strong></span> <span class='ocrx_word' id='word_1_309' title='bbox 846 2470 855 2479; x_wconf 84' lang='lat'>.</span> <span class='ocrx_word' id='word_1_310' title='bbox 881 2449 1025 2490; x_wconf 83' lang='lat' dir='ltr'><strong>partem</strong></span> <span class='ocrx_word' id='word_1_311' title='bbox 1045 2439 1259 2476; x_wconf 83' lang='lat' dir='ltr'><strong>Corneliani</strong></span> <span class='ocrx_word' id='word_1_312' title='bbox 1279 2438 1402 2486; x_wconf 90' lang='lat' dir='ltr'><strong>operis</strong></span> <span class='ocrx_word' id='word_1_313' title='bbox 1425 2439 1515 2474; x_wconf 91' lang='lat' dir='ltr'><strong>alte-</strong></span> 
     </span>
     <span class='ocr_line' id='line_1_38' title="bbox 129 2500 1514 2551; baseline -0.005 -10"><span class='ocrx_word' id='word_1_314' title='bbox 129 2519 208 2540; x_wconf 84' lang='lat' dir='ltr'><strong>ram</strong></span> <span class='ocrx_word' id='word_1_315' title='bbox 251 2506 297 2541; x_wconf 87' lang='lat' dir='ltr'><strong>de</strong></span> <span class='ocrx_word' id='word_1_316' title='bbox 333 2505 601 2541; x_wconf 84' lang='lat' dir='ltr'><strong>excellentibus</strong></span> <span class='ocrx_word' id='word_1_317' title='bbox 638 2505 736 2539; x_wconf 89' lang='lat' dir='ltr'><strong>inter</strong></span> <span class='ocrx_word' id='word_1_318' title='bbox 772 2505 965 2540; x_wconf 84' lang='lat' dir='ltr'><strong>Romanos</strong></span> <span class='ocrx_word' id='word_1_319' title='bbox 1000 2502 1290 2551; x_wconf 81' lang='lat' dir='ltr'><strong>imperatoribus</strong></span> <span class='ocrx_word' id='word_1_320' title='bbox 1323 2500 1400 2547; x_wconf 87' lang='lat' dir='ltr'><strong>jam</strong></span> <span class='ocrx_word' id='word_1_321' title='bbox 1436 2512 1514 2535; x_wconf 89' lang='lat' dir='ltr'><strong>non</strong></span> 
     </span>
     <span class='ocr_line' id='line_1_39' title="bbox 130 2563 1514 2610; baseline -0.004 -8"><span class='ocrx_word' id='word_1_322' title='bbox 130 2568 269 2602; x_wconf 85' lang='lat' dir='ltr'><strong>haberi.</strong></span> <span class='ocrx_word' id='word_1_323' title='bbox 300 2567 514 2602; x_wconf 86' lang='lat' dir='ltr'><strong>Plutarchus</strong></span> <span class='ocrx_word' id='word_1_324' title='bbox 547 2567 697 2610; x_wconf 87' lang='lat' dir='ltr'><strong>fatetur,</strong></span> <span class='ocrx_word' id='word_1_325' title='bbox 725 2579 762 2601; x_wconf 91' lang='lat' dir='ltr'><strong>se</strong></span> <span class='ocrx_word' id='word_1_326' title='bbox 796 2566 834 2600; x_wconf 90' lang='lat' dir='ltr'><strong>in</strong></span> <span class='ocrx_word' id='word_1_327' title='bbox 868 2565 953 2600; x_wconf 68' lang='lat' dir='ltr'><strong>vitis</strong></span> <span class='ocrx_word' id='word_1_328' title='bbox 980 2564 1169 2608; x_wconf 82' lang='lat' dir='ltr'><strong>Marcelli,</strong></span> <span class='ocrx_word' id='word_1_329' title='bbox 1196 2563 1447 2599; x_wconf 87' lang='lat' dir='ltr'><strong>Gracchorum</strong></span> <span class='ocrx_word' id='word_1_330' title='bbox 1479 2568 1514 2596; x_wconf 89' lang='lat' dir='ltr'><strong>et</strong></span> 
     </span>
     <span class='ocr_line' id='line_1_40' title="bbox 131 2625 1510 2676; baseline -0.003 -13"><span class='ocrx_word' id='word_1_331' title='bbox 131 2629 272 2664; x_wconf 91' lang='lat' dir='ltr'><strong>Luculli</strong></span> <span class='ocrx_word' id='word_1_332' title='bbox 292 2629 571 2664; x_wconf 86' lang='lat' dir='ltr'><strong>conscribendis</strong></span> <span class='ocrx_word' id='word_1_333' title='bbox 598 2630 779 2676; x_wconf 84' lang='lat' dir='ltr'><strong>Nepotem</strong></span> <span class='ocrx_word' id='word_1_334' title='bbox 805 2628 998 2663; x_wconf 64' lang='lat' dir='ltr'><strong>evolvisse.</strong></span> <span class='ocrx_word' id='word_1_335' title='bbox 1027 2629 1117 2671; x_wconf 83' lang='lat' dir='ltr'><strong>Quae</strong></span> <span class='ocrx_word' id='word_1_336' title='bbox 1142 2626 1212 2661; x_wconf 85' lang='lat' dir='ltr'><strong>alia</strong></span> <span class='ocrx_word' id='word_1_337' title='bbox 1235 2626 1387 2661; x_wconf 84' lang='lat' dir='ltr'><strong>nomina</strong></span> <span class='ocrx_word' id='word_1_338' title='bbox 1409 2625 1510 2659; x_wconf 90' lang='lat' dir='ltr'><strong>illus-</strong></span> 
     </span>
    </p>
   </div>
  </div>
 </body>
</html>
