1859 3310
613 166 1033 201 ousERVATmNEs.
1443 170 1512 215 193

141 248 381 284 offenduntur
406 251 442 284 in
463 250 651 292 omuibus,
677 256 773 283 recte
794 248 1007 293 judicantur
1030 251 1142 285 iidem
1166 264 1294 287 omnes
1319 255 1418 289 ducti
1439 269 1514 291 esse

140 321 184 344 ex
213 311 344 346 eodem
370 312 492 354 fonte,
519 322 636 357 eoque
664 308 882 356 posterioris
907 311 973 344 aevi
999 311 1075 346 sive
1101 324 1184 347 casu
1210 313 1287 347 sive
1314 316 1419 361 culpa
1440 317 1513 362 jam

139 378 326 418 corrupto.
351 372 457 406 Valet
481 372 603 417 itaque
625 370 671 405 de
693 370 850 417 Nepotis
875 371 1165 418 Imperatoribus
1188 373 1304 417 idem,
1326 376 1428 420 quod
1452 389 1512 411 ce-

139 431 356 467 leberrimus
376 439 411 467 et
436 432 595 478 optimus
620 432 685 474 vir,
710 433 744 466 J.
769 435 814 467 A.
837 433 987 467 Ernesti
1008 434 1272 480 pronunciavit
1295 435 1341 470 de
1371 437 1513 480 Tacito,

138 493 238 528 Praef.
262 506 298 540 p.
328 493 370 527 16
397 505 404 526 :
426 509 440 523 «
456 493 594 527 Omnes
617 492 810 527 varietates
837 493 1054 538 lectionum,
1083 507 1172 541 quas
1197 508 1216 530 e
1243 496 1347 530 libris
1372 497 1517 544 scriptis

138 561 283 589 notatas
304 555 499 597 habemus,
516 554 668 601 proprie
690 566 768 588 esse
791 554 984 590 varietates
1007 555 1113 590 unius
1138 557 1316 603 exempli,
1335 570 1413 592 non
1432 559 1515 605 plu—

137 615 251 658 rium,
275 627 354 662 quae
375 627 419 650 ex
441 615 522 662 ipso
542 615 743 663 archetypo
767 613 952 650 fluxerint.
977 616 1086 651 Unde
1112 615 1169 661 fit,
1190 625 1228 652 ut
1249 619 1423 654 omnibus
1448 632 1514 654 co—

137 675 281 710 dicibus
299 675 557 723 comparandis
571 676 665 710 nihil
683 676 783 710 aliud
802 674 897 710 effici
916 677 1050 723 possit,
1071 690 1179 725 quam
1199 686 1254 722 ut,
1274 680 1365 726 quid
1383 680 1421 714 in
1441 693 1516 716 uno

135 736 202 771 illo
225 738 461 785 apographo,
481 737 579 773 unde
599 738 626 772 ii
648 750 802 781 venere,
829 738 954 783 fuerit,
978 739 1220 775 inveniamus.
1240 756 1254 772 »

188 798 236 833 II.
264 798 467 833 Conferens
494 799 696 833 editionem
722 799 931 846 principem
954 800 1042 834 anni
1071 806 1162 845 1471
1190 815 1272 837 cum
1299 804 1515 839 recentiori—

135 859 221 903 bus,
241 872 322 906 quae
340 861 535 896 Bosianam
554 862 613 896 vel
634 861 789 896 omnino
809 862 868 896 vel
890 862 1047 897 maxima
1071 876 1115 898 ex
1138 872 1243 911 parte
1267 873 1396 900 secutae
1417 873 1515 910 sunt,

135 921 379 957 staverniana
414 935 564 970 nempe,
600 923 912 970 Heusingeriana,
943 924 1178 960 Fischeriana
1211 933 1246 960 et
1284 927 1515 972 Harlesiana,

134 981 257 1029 reperi
282 983 448 1029 pluribus
475 984 513 1018 in
544 984 633 1019 locis
664 991 828 1030 receptas
861 997 938 1019 esse
962 998 982 1019 a
1007 987 1118 1019 Bosio
1148 987 1350 1021 anomalias
1384 988 1516 1035 lingua*

134 1043 275 1087 latinae,
295 1056 407 1090 quum
429 1051 552 1079 tamen
572 1045 681 1079 editio
698 1044 878 1092 princeps
904 1046 1061 1093 analoga
1087 1054 1121 1081 et
1146 1054 1245 1082 recta
1267 1054 1421 1083 tueatur.
1443 1049 1516 1084 Ha-

134 1104 224 1138 bent
249 1117 279 1139 e.
305 1116 338 1152 g.
364 1105 546 1140 editiones
566 1106 766 1141 nominatae
792 1119 940 1150 omnes,
964 1108 1068 1142 Eum.
1096 1121 1107 1142 1
1123 1135 1132 1151 ‚
1159 1108 1180 1142 6
1203 1122 1210 1143 ε
1236 1109 1383 1156 praefuit
1407 1110 1514 1156 cqui—

133 1172 211 1199 tum
238 1167 373 1200 alterae
400 1167 482 1209 alae;
513 1167 647 1201 Timol.
683 1180 750 1211 111,
776 1180 795 1202 2
831 1181 838 1202 :
870 1168 985 1203 otium
1011 1176 1100 1203 totoe
1132 1169 1257 1204 insulae
1284 1170 1515 1215 conciliavit3

133 1227 261 1261 Thras.
285 1240 334 1271 11,
357 1239 377 1261 2
404 1241 411 1261 ε
432 1240 511 1275 quae
530 1240 587 1263 res
603 1228 684 1263 'illis
705 1229 1029 1265 contemnentibus
1047 1231 1209 1278 pernicii
1228 1230 1313 1275 fuit3
1334 1232 1461 1267 Thras.
1483 1246 1513 1275 1,

135 1287 156 1323 5
181 1301 189 1322 :
219 1288 260 1323 in
288 1289 389 1324 bello
417 1298 591 1337 parserat
611 1290 776 1334 fortuna3
801 1292 891 1338 Reg.
916 1304 949 1335 1,
979 1296 999 1333 4
1030 1305 1037 1326 z
1068 1292 1133 1327 illo
1160 1293 1293 1327 Perses
1318 1306 1429 1328 nemo
1448 1294 1514 1328 fuit

133 1362 245 1384 manu
274 1350 425 1395 fortior;
453 1351 592 1386 hahent
619 1352 775 1386 Hamilc.
806 1365 838 1396 1,
870 1366 905 1397 1,
936 1360 971 1388 et
998 1353 1127 1388 Caton.
1155 1366 1223 1398 111,
1253 1354 1296 1397 3,
1322 1355 1514 1389 Poenicum

133 1411 290 1456 bellum;
313 1424 425 1459 quum
449 1419 574 1447 tamen
598 1413 714 1448 editio
739 1413 929 1461 princeps,
949 1414 1028 1449 aliis
1050 1414 1089 1448 in
1110 1415 1201 1449 locis
1226 1415 1325 1449 vitiis
1346 1428 1422 1450 non
1452 1429 1513 1450 ca-

133 1485 235 1517 rens,
259 1473 319 1508 hic
346 1480 445 1508 recta
472 1480 595 1509 teneat
625 1482 686 1509 aut
713 1475 828 1522 magis
855 1476 983 1510 usitata
1014 1490 1021 1510 z
1051 1478 1178 1519 alteri,
1209 1477 1288 1519 toti,
1316 1478 1510 1523 perniciei,

131 1542 370 1581 pepercerat,
398 1536 618 1578 Persarum,
646 1537 834 1571 Punicum.
856 1537 1010 1572 Easdem
1032 1537 1208 1573 rectiores
1227 1538 1404 1573 lectiones
1424 1551 1513 1573 con-

133 1594 274 1640 firmat,
296 1603 430 1642 praeter
450 1596 559 1641 alios,
585 1597 705 1632 codex
727 1598 963 1642 Thottianus,
988 1612 1063 1633 uno
1088 1606 1231 1633 tantum
1248 1601 1332 1634 loco
1352 1600 1456 1635 Eum.
1480 1612 1513 1643 1,

133 1656 174 1701 6,
194 1664 360 1704 excepto.
376 1657 480 1701 Scio,
504 1658 567 1692 vix
585 1659 700 1693 ullum
720 1660 778 1693 vel
797 1659 1107 1706 elegantissimum
1127 1660 1364 1707 scriptorem,
1385 1673 1429 1695 ex
1448 1673 1513 1696 an—

132 1718 243 1766 tiquis
264 1731 366 1766 aeque
393 1732 434 1754 ac
460 1732 480 1754 e
504 1720 656 1764 nostris,
685 1728 759 1755 tam
790 1721 898 1756 fuisse
925 1734 1071 1768 semper
1101 1722 1149 1757 ad
1177 1723 1322 1769 regulas
1353 1722 1513 1769 purioris

133 1781 216 1829 styli
243 1788 439 1825 attentum,
462 1789 502 1816 ut
524 1794 712 1829 nunquam
738 1783 975 1819 aberraverit.
1007 1784 1245 1831 Quandoque
1271 1784 1393 1818 bonus
1419 1784 1513 1819 dor-

132 1841 238 1876 mitat
258 1843 453 1877 Homerus.
473 1843 557 1878 Scio
577 1843 705 1887 etiam,
729 1844 865 1891 regulis
887 1845 1132 1892 grammaticae
1150 1845 1366 1892 vulgaribus
1380 1858 1512 1892 super-

133 1904 273 1939 stitiose
295 1904 551 1940 inhaerendum
573 1918 650 1940 non
674 1918 769 1949 esse,
789 1913 824 1941 et
844 1919 953 1954 posse
978 1907 1163 1942 interdum
1185 1907 1232 1942 ab
1257 1907 1301 1942 iis
1323 1906 1464 1950 recedi,
1484 1907 1512 1941 si

133 1964 269 2000 dentur
286 1967 455 2013 exempla
473 1967 568 2002 bene
587 1967 849 2014 comprobata,
870 1968 1055 2015 elegantes
1073 1975 1240 2003 auctores
1256 1968 1363 2003 aliter
1382 1967 1513 2014 saepius

133 2027 330 2075 scripsisse.
354 2028 428 2064 Sed
449 2029 657 2072 crederem,
681 2041 758 2064 esse
783 2029 875 2064 boni
901 2030 1034 2074 critici,
1053 2036 1094 2065 ut
1119 2043 1197 2063 non
1217 2029 1289 2063 nisi
1315 2029 1452 2063 invitus
1477 2036 1512 2064 et

133 2089 378 2136 complurium
402 2090 571 2125 codicum
594 2090 810 2126 auctoritate
836 2091 938 2138 quasi
967 2098 1132 2135 coactus,
1157 2090 1328 2126 admittat
1349 2102 1407 2133 ea,
1434 2102 1513 2136 quae

133 2157 217 2185 sunt
240 2151 288 2185 ab
314 2164 380 2186 usu
403 2159 439 2186 et
465 2152 600 2199 regulis
620 2153 756 2195 aliena3
785 2153 994 2196 crederem,
1017 2165 1143 2188 verum
1166 2164 1243 2187 esse
1267 2151 1352 2185 artis
1379 2151 1512 2185 critieae

133 2210 264 2256 finem,
282 2224 361 2247 non
379 2219 520 2247 mutare
542 2213 581 2247 in
602 2213 722 2259 pejus,
744 2227 823 2260 (111ae
843 2222 942 2249 reete
969 2221 1004 2248 et
1032 2226 1077 2248 ex
1101 2213 1318 2248 auctoritate
1341 2212 1511 2246 codicum

135 2273 232 2308 edita
262 2273 339 2319 jam
367 2273 528 2318 fuerant,
560 2264 637 2309 sed(
656 2274 797 2309 collatis
825 2275 1033 2317 codicibus,
1064 2273 1255 2321 perpensis
1286 2284 1331 2307 ex
1359 2279 1512 2318 utraque

135 2341 237 2381 parte
264 2334 488 2379 rationibus,
508 2335 694 2382 corrigere
718 2337 797 2382 quae
816 2335 1014 2382 depravata
1038 2342 1133 2369 sunt.
1160 2336 1306 2369 Excuso
1329 2333 1511 2380 quodam-

135 2395 250 2430 modo
271 2397 444 2439 Bosium,
465 2396 523 2431 cui
540 2396 684 2431 animus
696 2396 763 2430 fuit
778 2396 949 2442 praeferre
967 2396 1076 2431 rectis
1090 2396 1277 2439 anomala,
1297 2394 1409 2441 etqui
1431 2393 1512 2428 edi—

136 2456 276 2492 tionem
307 2457 515 2504 principem
542 2470 732 2505 mmquam
757 2458 960 2505 conspexit.
988 2458 1026 2492 Si
1058 2456 1326 2504 conspexisset,
1359 2456 1512 2490 fortasse

137 2530 214 2552 non
234 2518 358 2553 fuisset
386 2526 460 2554 tam
485 2520 700 2555 temerarius
723 2527 895 2554 mutator.
924 2520 997 2554 Sed
1025 2519 1216 2565 quomodo
1242 2518 1370 2552 haberi
1391 2523 1511 2563 potest

138 2579 214 2625 ejus
228 2580 342 2615 editio
366 2593 436 2627 pro
455 2588 530 2616 tam
549 2588 712 2617 correcta
737 2589 771 2616 et
791 2581 934 2625 limata,
953 2589 993 2615 ut
1016 2581 1061 2616 ad
1085 2581 1226 2627 apicem
1246 2592 1326 2614 eam
1345 2584 1511 2625 repetant

1269 2639 1321 2682 13
