1859 3310
350 200 402 213 Ννὶ
408 201 528 214 ᾺΜΕἏΚ
532 202 1087 217 ΜἏὶΜΝἋΛΝΝνὶΜΜΜνἋΑΜΚᾸΜᾹ
1092 205 1149 218 υἱῶὶ
1155 206 1163 216 ἱ
1169 206 1196 217 ΜΚ
1200 206 1211 216 ἱ
1217 205 1226 216 Q
1230 205 1368 217 ἱεὶἱῶὣὶἱῒὶ
1372 205 1398 217 Ἃ
1403 205 1523 217 (ΜἺΛἋΝ
1527 205 1701 219 WWUSW'NSU}

935 409 1107 452 XXIV.

583 631 672 698 Μ.
730 630 1142 698 PORCIUS
1196 633 1466 701 CATO.

664 848 716 887 (ex
737 859 829 879 muno
849 859 1044 880 POSTERIORR
1064 860 1214 879 comum
1235 850 1390 890 utro-ris.)

339 1272 515 1364 CATO,
543 1317 665 1351 ortus
685 1308 923 1369 municipio
946 1307 1157 1365 Tusculo,
1181 1307 1545 1366 adolescentulus,
1570 1310 1712 1371 prius-

338 1403 469 1447 quam
494 1387 734 1431 honoribus
760 1404 935 1448 operam
963 1387 1107 1443 daret,
1137 1398 1330 1432 versatus
1356 1399 1419 1433 est
1448 1390 1490 1432 in
1518 1389 1711 1444 Sabinis,

338 1468 455 1528 quod
489 1469 546 1511 ibi
581 1468 816 1512 haeredium
847 1485 872 1512 a
907 1478 1029 1529 patre
1063 1467 1260 1512 relictum
1293 1469 1491 1513 habebat.
1524 1471 1712 1513 Hortatu

339 1549 389 1591 L.
416 1546 577 1592 Valerii
604 1547 763 1605 Flacci,
789 1565 914 1609 quem
945 1549 988 1592 in
1014 1547 1242 1592 consulatu
1269 1565 1536 1609 censuraque
1562 1549 1715 1592 habuit

340 1626 566 1689 collegam,
592 1638 641 1671 ut
665 1630 727 1672 M.
756 1631 984 1690 Perpenna
1001 1629 1234 1674 Censorius
1257 1645 1434 1673 narrare
1459 1628 1610 1673 solitus
1630 1639 1716 1686 est,

338 1709 521 1751 Romam
549 1707 829 1769 demigravit,
856 1709 900 1752 in
926 1708 1108 1769 foroque
1133 1725 1223 1753 esse
1248 1710 1389 1770 coepit.
1421 1710 1614 1752 Primum
1641 1710 1717 1752 sti-

338 1787 546 1848 pendium
579 1789 738 1831 meruit
763 1804 978 1832 annorum
1009 1788 1154 1832 decem
1190 1799 1465 1849 septemque,
1500 1790 1555 1846 Q.
1584 1788 1715 1832 Fabio

338 1868 550 1924 Maximo,
576 1869 637 1911 M.
659 1867 842 1912 Claudio
867 1867 1076 1912 Marcello
1098 1885 1205 1912 coss.
1224 1869 1446 1912 Tribunus
1466 1867 1652 1911 militum
1672 1869 1716 1910 in

340 1946 484 1991 Sicilia
508 1947 602 1991 fuit.
630 1947 737 1991 Inde
763 1957 810 1990 ut
837 1947 983 2003 rediit,
1010 1957 1150 1991 castra
1181 1958 1353 1991 secutus
1379 1957 1442 1991 est
1467 1949 1516 1991 C.
1545 1946 1715 1992 Claudii

340 2027 555 2081 Neronis,
588 2028 821 2087 magnique
851 2027 942 2086 ejus
967 2043 1099 2087 opera
1129 2028 1371 2070 existimata
1401 2037 1463 2070 est
1496 2027 1539 2069 in
1568 2024 1714 2087 proelio

340 2105 458 2165 apud
489 2107 669 2162 Senam,
696 2122 783 2165 quo
811 2106 963 2149 cecidit
987 2105 1255 2161 Hasdrubal,
1286 2106 1418 2149 frater
1445 2104 1713 2149 Hannibalis.

341 2185 543 2242 Quaestor
568 2185 724 2245 obtigit
749 2187 793 2228 P.
823 2184 1025 2229 Cornelio
1057 2186 1249 2246 Scipioni
1275 2185 1496 2241 Africano,
1524 2184 1715 2238 consuli3

342 2280 441 2306 cuin
468 2281 556 2323 quo
574 2281 662 2307 non
689 2281 769 2324 pro
796 2266 921 2308 sortis
948 2265 1261 2309 necessitudine
1287 2265 1392 2308 vixit
1419 2282 1427 2307 :
1449 2280 1636 2324 namque
1663 2265 1716 2306 ab

341 2359 392 2386 eo
419 2353 628 2404 perpetua
658 2343 856 2388 dissensit
885 2345 984 2388 vita.
1014 2344 1162 2388 AEdilis
1195 2344 1330 2406 plebis
1356 2345 1494 2388 factus
1522 2354 1586 2388 est
1616 2360 1714 2387 culn

343 2424 390 2466 C.
410 2422 578 2467 Helvio.
602 2426 765 2467 Praetor
782 2425 1050 2484 provinciam
1069 2425 1258 2468 obtinuit
1279 2424 1539 2478 Sardiniam,
1560 2440 1610 2466 ex
1631 2440 1716 2482 qna

343 2511 531 2560 quaestor
558 2505 779 2564 superiore
815 2514 1008 2565 tempore
1034 2521 1083 2548 ex
1119 2504 1261 2549 Africa
1289 2504 1515 2558 decedens,
1546 2504 1600 2559 Q.
1630 2505 1717 2546 En·

345 2582 465 2624 nium
497 2592 667 2642 poetam
698 2583 931 2627 deduxerat
969 2602 977 2626 :
1012 2584 1129 2643 quod
1165 2601 1250 2626 non
1289 2583 1466 2626 minoris
1501 2582 1718 2626 existima-
