1859 3310
341 190 408 227 11'22
788 185 1019 219 CORNELII
1051 185 1256 219 NEPOTIS

337 278 383 311 ut
410 266 528 311 nulla
549 269 591 311 in
619 283 664 311 re
689 283 791 310 usus
815 269 868 311 sit
894 285 963 323 ca,
993 269 1072 311 nisi
1102 270 1143 310 in
1169 266 1450 328 deprecandis
1468 268 1704 313 amicorum

336 358 410 391 aut
441 347 666 409 periculis,
702 356 778 391 aut
806 347 1103 391 incommodis.
1134 346 1268 403 Quod
1303 346 1477 406 quidem
1510 347 1590 390 sub
1618 348 1708 407 ipsa

339 429 652 488 proscriptione
694 424 940 488 perillustre
976 426 1070 469 fuit.
1108 428 1219 470 Nam
1254 443 1389 486 quum
1434 428 1483 469 L.
1528 425 1707 481 Saufeii,

338 507 492 566 equitis
526 507 717 560 romani,
745 504 920 565 aequalis
946 507 1033 560 sui,
1061 507 1135 565 qui
1167 523 1265 550 cum
1290 523 1341 550 eo
1364 504 1609 567 complures
1634 522 1710 549 an-

339 602 439 641 nos,
465 584 608 628 studio
637 585 794 628 ductus
825 583 1131 645 philosophiae,
1164 586 1411 642 habitabat,
1438 586 1712 646 habebatque

339 666 382 707 in
405 663 529 707 Italia
553 665 762 725 pretiosas
782 665 1097 725 possessiones,
1122 666 1339 709 triumviri
1363 666 1478 709 bona
1496 665 1713 709 vendidis—

340 753 454 799 sent,
480 744 795 788 consuetudine
827 761 896 800 ea,
924 761 1011 805 qua
1048 754 1142 788 tum
1176 761 1243 788 res
1270 746 1550 805 gerebantur3
1582 746 1714 790 Attici

341 822 486 867 labore
509 834 639 884 atque
659 824 876 868 industria
894 824 1078 881 factum,
1100 834 1149 868 ut
1171 824 1323 868 eodem
1344 825 1499 868 nuntio
1519 824 1714 868 Saufeius

341 903 462 947 fieret
493 905 674 961 certior,
712 921 755 948 se
784 905 1098 966 patrimonium
1134 905 1325 948 amisisse
1358 914 1400 947 et
1427 920 1713 965 recuperasse.

342 983 462 1027 Idem
488 986 537 1027 L.
570 983 735 1028 Julium
762 983 985 1042 Calidum,
1010 1001 1162 1045 quem,
1188 994 1287 1045 post
1316 984 1510 1028 Lucretii
1535 981 1710 1027 Catulli-

343 1080 428 1124 que
453 1075 659 1121 mortem,
684 1064 823 1109 multo
845 1065 1212 1126 elegantissimum
1238 1074 1411 1125 poetam
1435 1073 1628 1107 nostram
1648 1072 1712 1106 tu-

342 1142 439 1188 lisse
465 1154 634 1196 aebtatem
658 1162 757 1189 vere
778 1145 926 1189 videor
952 1162 1076 1208 posse
1102 1144 1384 1200 contendere,
1412 1159 1551 1204 neque
1574 1144 1717 1186 minus

343 1224 484 1267 virum
519 1225 706 1281 bonum,
737 1226 998 1286 optimisque
1024 1226 1191 1269 artibus
1216 1224 1455 1281 eruditum,
1481 1234 1580 1286 post
1617 1240 1719 1285 pro-

344 1305 624 1364 scriptionem
644 1306 857 1365 equitum,
880 1315 1061 1366 propter
1078 1321 1256 1365 magnas
1278 1305 1370 1364 ejus
1389 1304 1599 1348 africanas
1625 1320 1721 1365 pos-

345 1385 574 1441 sessiones,
611 1385 656 1428 in
686 1385 1033 1446 proscriptorum
1072 1401 1303 1428 numerum
1331 1401 1355 1428 a
1393 1387 1440 1428 P.
1461 1383 1721 1437 Volumnio,

344 1463 546 1524 praefecto
577 1464 750 1508 fabrum
783 1466 987 1522 Antonii,
1013 1466 1233 1509 absentem
1262 1464 1468 1521 relatum,
1493 1464 1721 1526 expedivit.

345 1544 478 1601 Quod
515 1545 559 1588 in
592 1546 795 1606 praesenti
832 1556 981 1589 utrum
1011 1547 1048 1589 ei
1084 1544 1369 1601 laboriosius,
1407 1562 1462 1588 an
1495 1543 1724 1606 gloriosius

345 1610 498 1681 fuerit,
534 1624 708 1669 difficile
741 1625 823 1669 fuit
855 1625 1070 1686 judicare3
1101 1625 1220 1686 quod
1254 1626 1297 1668 in
1336 1642 1487 1669 eorum
1522 1623 1724 1686 periculis

347 1721 435 1747 non
456 1721 576 1749 secus
601 1705 825 1763 absentes,
856 1723 987 1766 quam
1010 1716 1266 1767 praesentes,
1289 1706 1449 1749 amicos
1471 1705 1616 1749 Attico
1637 1721 1726 1748 esse

348 1800 460 1828 curae
481 1786 706 1846 cognitum
727 1796 803 1829 est.

411 1866 532 1908 XIII.
561 1867 712 1925 Neque
737 1882 841 1909 vero
871 1867 1015 1909 minus
1047 1865 1117 1909 ille
1141 1868 1228 1921 vir,
1253 1866 1394 1909 bonus
1420 1863 1726 1926 paterfamilias

348 1945 523 1989 habitus
558 1956 642 2001 est,
673 1963 803 2006 quam
834 1947 951 1990 civis.
989 1946 1100 1990 Nam
1135 1963 1271 2006 quum
1304 1955 1413 1989 esset
1442 1946 1726 2007 pecuniosus,

351 2041 478 2070 nemo
505 2025 579 2069 illo
602 2027 747 2070 minus
771 2026 853 2070 fuit
877 2044 1024 2082 emax,
1046 2027 1190 2070 minus
1214 2026 1460 2070 aedificator.
1487 2028 1640 2085 Neque
1660 2035 1725 2069 ta-

352 2123 449 2150 men
478 2123 565 2150 non
593 2107 635 2150 in
660 2107 811 2166 primis
840 2107 949 2150 bene
978 2106 1211 2162 habitavit,
1240 2106 1527 2165 omnibusque
1554 2106 1728 2166 optimis

352 2187 481 2230 rebus
510 2203 613 2230 usus
645 2196 721 2230 est.
751 2187 863 2230 Nam
900 2186 1078 2230 domum
1117 2186 1270 2229 habuit
1308 2187 1350 2229 in
1379 2185 1486 2229 colle
1510 2184 1728 2242 Quirinali

351 2264 707 2327 Tamphilanam,
734 2266 787 2309 ab
828 2265 1046 2309 avunculo
1074 2265 1322 2310 haereditate
1356 2265 1578 2320 relictam3
1605 2265 1728 2324 cujus

354 2346 578 2389 amoenitas
603 2362 692 2389 non
717 2344 919 2407 aedificio,
942 2344 1015 2389 sed
1041 2345 1147 2389 silva
1176 2346 1414 2389 constabat.
1437 2347 1585 2406 Ipsum
1611 2345 1725 2388 enim

356 2435 538 2482 tectum,
561 2427 801 2485 antiquitus
827 2426 1136 2481 constitutum,
1160 2425 1257 2486 plus
1279 2424 1400 2481 salis,
1428 2442 1557 2484 quam
1582 2441 1729 2485 sump-

356 2515 446 2560 tus,
468 2506 655 2549 habebat
679 2524 688 2549 :
716 2508 759 2549 in
781 2523 867 2566 quo
894 2505 1000 2549 nihil
1029 2508 1336 2560 commutavit,
1358 2506 1439 2549 nisi
1468 2507 1502 2549 si
1525 2505 1631 2565 quid
1660 2522 1727 2548 ve-

358 2594 517 2629 tustate
529 2596 703 2629 coactus
724 2596 800 2629 est.
831 2589 945 2630 Usus
971 2596 1034 2630 est
1057 2585 1236 2641 familia,
1264 2587 1297 2629 si
1325 2585 1510 2629 utilitate
1527 2585 1727 2645 judican—
