1859 3310
346 213 414 256 148
786 215 1015 250 CORNELII
1044 214 1247 248 NEPOTIS

342 296 568 357 dignitate,
586 312 714 353 quam
737 298 874 356 gratia
894 297 1151 357 fortunaque
1168 296 1367 339 crevisset
1381 292 1564 354 (multas
1581 293 1694 335 enim

342 375 610 420 haereditates
624 374 743 418 nulla
757 374 837 417 alia
856 390 922 430 re,
943 391 1071 433 quam
1083 377 1273 418 bonitate
1289 408 1300 429 ,
1321 383 1384 416 est
1402 369 1696 430 consecutus),

341 463 545 513 tantaque
565 453 848 513 prosperitate
874 468 975 495 usus
995 463 1104 496 esset
1130 452 1406 507 valetudinis,
1425 461 1472 493 ut
1488 450 1610 493 annis
1625 449 1699 491 tri-

341 533 459 591 ginta
494 531 704 574 medicina
742 547 830 573 non
867 530 1142 590 indiguisset3
1183 542 1333 575 nactus
1374 540 1437 574 est
1470 529 1696 582 morbum,

340 626 467 669 quem
492 610 613 652 initio
638 618 680 652 et
704 609 793 669 ipse
813 618 854 652 et
876 609 1029 653 medici
1053 619 1430 670 contempserunt:
1458 625 1557 652 nam
1577 616 1700 668 puta-

341 698 444 731 runt
470 704 559 731 esse
585 698 827 743 tenesmon,
853 688 923 730 cui
957 688 1143 731 remedia
1170 686 1321 731 celeria
1350 687 1572 746 faciliaque
1602 702 1700 746 pro—

341 767 627 827 ponebantur.
642 768 692 809 In
712 767 795 810 hoc
812 783 946 826 quum
962 776 1045 809 tres
1066 782 1230 810 menses
1246 767 1335 809 sine
1349 765 1444 808 ullis
1463 764 1698 819 doloribus,

340 855 627 906 praeterquam
648 862 755 905 quos
779 862 830 888 ex
854 846 1076 889 curatione
1105 845 1319 906 capiebat,
1347 844 1698 903 consumpsisset3

340 925 484 968 subito
504 935 624 968 tanta
649 925 712 969 vis
736 925 876 969 morbi
900 926 944 968 in
971 926 1107 968 imum
1138 925 1388 968 intestinum
1414 924 1633 984 prorupit,
1654 932 1703 965 ut

340 1014 531 1049 extremo
556 1014 749 1065 tempore
778 1021 854 1065 per
879 1003 1048 1048 lumbos
1077 1003 1217 1047 fistula
1244 1004 1382 1064 putris
1406 1004 1608 1063 eruperit.
1629 1005 1704 1047 At-

341 1099 425 1143 que
451 1083 531 1126 boc
559 1084 811 1144 priusquam
836 1084 873 1126 ei
899 1083 1129 1139 accideret,
1154 1092 1382 1143 postquam
1406 1083 1448 1124 in
1474 1081 1561 1124 dies
1586 1080 1703 1124 dolo-

341 1178 407 1205 res
428 1178 687 1217 accrescere,
715 1162 939 1221 febresque
963 1163 1188 1205 accessisse
1211 1163 1363 1217 sensit,
1377 1162 1613 1221 Agrippam
1635 1176 1704 1220 ge-

343 1258 493 1285 nerum
527 1241 580 1284 ad
617 1258 660 1284 se
686 1242 879 1284 arcessiri
906 1241 1063 1300 jussit,
1092 1251 1134 1284 et
1164 1258 1263 1284 cum
1297 1258 1347 1285 eo
1378 1244 1426 1285 L.
1454 1239 1703 1284 Cornelium

343 1318 547 1374 Balbum,
573 1321 837 1379 Sextumque
868 1319 1134 1363 Peducaeum.
1161 1322 1251 1363 Hos
1275 1330 1324 1363 ut
1342 1321 1507 1363 venisse
1527 1319 1633 1362 vidit
1659 1320 1702 1361 in

341 1399 537 1441 cubitum
578 1399 750 1441 innixus
784 1415 792 1441 :
823 1400 1101 1456 «Quantam,
1136 1400 1299 1459 inquit,
1335 1415 1482 1442 curam
1524 1397 1705 1458 diligen-

342 1477 533 1536 tiamque
553 1477 597 1520 in
616 1476 862 1521 valetudine
886 1494 981 1521 mea
1000 1478 1159 1521 tuenda
1183 1479 1264 1522 hoc
1288 1488 1480 1538 tempore
1499 1477 1706 1520 adhibue-

341 1556 448 1612 rim,
470 1573 605 1616 quum
626 1573 702 1600 vos
722 1566 850 1600 testes
871 1557 1074 1613 habeam,
1098 1556 1204 1600 nihil
1229 1574 1396 1601 necesse
1421 1567 1484 1600 est
1508 1555 1704 1617 pluribus

342 1635 482 1678 verbis
509 1652 857 1680 commemorare.
887 1636 1058 1692 Quibus
1087 1637 1312 1695 quoniam,
1334 1645 1381 1679 ut
1408 1652 1553 1696 spero,
1579 1636 1703 1678 satis-

341 1712 444 1769 feci,
469 1731 536 1758 me
562 1714 669 1758 nihil
693 1714 848 1774 reliqui
867 1714 1034 1770 fecisse,
1057 1714 1175 1774 quod
1195 1714 1247 1758 ad
1264 1713 1503 1757 sanandum
1524 1730 1590 1756 me
1610 1729 1705 1773 per-

342 1792 525 1849 tineret;
551 1792 764 1852 reliquum
785 1803 872 1850 est,
898 1803 946 1837 ut
965 1803 1134 1853 egomet
1161 1794 1267 1836 mihi
1290 1792 1523 1836 consulam.
1552 1792 1603 1835 Id
1629 1808 1703 1835 vos

341 1872 541 1931 ignorare
576 1871 708 1915 nolui.
736 1874 849 1917 Nam
877 1873 982 1916 mihi
1007 1882 1091 1916 stat
1119 1871 1232 1916 alere
1255 1872 1454 1916 morbum
1479 1871 1670 1915 desinere
1693 1888 1701 1914 :

341 1966 527 2010 namque
552 1950 616 1994 his
638 1951 788 1995 diebus
811 1952 1023 2011 quidquid
1048 1952 1130 1995 eibi
1151 1952 1334 2012 sumpsi,
1355 1952 1414 1994 ita
1431 1950 1616 2011 produxi
1643 1951 1704 1993 vi-

342 2036 450 2083 tam,
476 2039 523 2072 ut
544 2031 735 2073 auxerim
761 2029 930 2074 dolores
954 2032 1043 2074 sine
1073 2048 1147 2090 spe
1172 2029 1332 2073 salutis.
1361 2031 1507 2086 Quare
1533 2047 1556 2072 a
1582 2030 1703 2072 vobis

342 2115 441 2165 peto
466 2109 674 2167 primum,
697 2118 745 2151 ut
779 2108 1008 2151 consilium
1042 2109 1229 2169 probetis
1254 2125 1418 2163 meum3
1452 2107 1624 2163 deinde,
1650 2124 1704 2151 ne

341 2182 501 2228 frustra
521 2186 791 2230 dehortando
812 2188 1074 2230 conemini.»

406 2266 546 2307 XXII.
574 2267 665 2308 Hac
690 2251 884 2308 oratione
910 2266 1074 2322 habita,
1103 2275 1221 2309 tanta
1242 2268 1484 2310 constantia
1508 2267 1622 2310 vocis
1643 2276 1704 2310 at-

342 2357 426 2400 que
452 2341 620 2399 vultus,
651 2354 699 2387 ut
725 2361 810 2387 non
836 2360 885 2387 ex
908 2345 1017 2398 vita,
1046 2344 1120 2389 sed
1145 2361 1195 2388 ex
1221 2345 1350 2388 domo
1369 2347 1412 2388 in
1443 2346 1620 2389 domum
1644 2346 1704 2388 vi—

343 2420 517 2465 deretur
533 2423 744 2482 migrare3
766 2439 901 2482 quum
925 2422 1099 2482 quidem
1119 2425 1311 2484 Agrippa
1331 2441 1429 2467 eum
1449 2424 1554 2468 flens
1573 2434 1702 2483 atque

343 2499 541 2544 osculans
561 2511 703 2544 oraret
723 2511 852 2561 atque
875 2502 1140 2558 obsecraret,
1169 2520 1221 2545 ne
1241 2503 1294 2545 ad
1319 2503 1384 2559 id,
1410 2503 1527 2562 quod
1547 2512 1701 2546 natura

344 2589 534 2637 cogeret,
562 2580 651 2638 ipse
684 2596 858 2640 quoque
887 2580 965 2623 sibi
999 2580 1276 2636 acceleraret,
1301 2591 1342 2624 et
1373 2583 1577 2641 quoniam
1610 2592 1701 2626 tum
