1859 3310
341 262 412 297 216
942 262 1104 297 NOTAE

388 345 469 380 Cn.
492 346 533 379 V.
562 346 633 380 Sub
659 346 788 380 montis
817 346 1009 381 radicibus.
1024 346 1097 390 Qui
1116 346 1227 380 filans
1247 345 1364 379 Panis
1388 344 1505 380 dictus
1532 353 1626 389 erat,
1649 346 1707 380 ni-

335 407 467 441 mirum
497 419 516 441 e
541 414 682 441 terrore
711 406 845 453 panico
873 419 983 453 quem
1008 407 1128 441 Persis
1159 407 1248 441 deus
1272 407 1350 441 Pan
1382 405 1568 451 injecerat.
1598 407 1708 441 Unde

334 467 518 513 conjicere
546 467 630 502 licet
649 467 875 511 Miltiadem,
904 466 1004 513 cujus
1031 480 1169 502 nomen
1196 481 1215 502 a
1246 479 1337 502 voce
1364 469 1517 511 μίλτος,
1535 467 1707 510 minium,

334 528 538 571 derivatur,
553 527 723 562 eumdem
742 540 819 563 esse
830 555 839 571 ,
859 528 917 562 vel
931 527 1029 562 idem
1048 540 1186 563 nomen
1198 528 1367 563 habuisse
1382 542 1422 563 ac
1440 530 1595 572 Panem,
1609 527 1707 574 cujus

333 588 472 636 effigies
491 589 643 623 miniata
663 596 751 623 erat.
771 589 863 623 Vide
876 590 1051 632 Pansam,
1065 601 1100 632 1,
1113 587 1180 632 32,
1197 596 1355 634 extr.,et
1373 591 1507 633 Vmo„
1527 590 1656 636 Eclog.
1671 601 1704 623 x.

385 650 467 684 Cap.
500 650 565 684 VI.
598 650 755 684 Poecile.
787 651 912 684 Graece
937 651 1090 686 ποικίλη
1113 650 1195 694 coza,
1214 663 1234 685 e
1258 648 1444 695 ποικίλος,
1463 650 1574 685 variis
1597 650 1704 685 colo—

330 710 432 744 ribus
451 709 654 744 distinctus.
676 711 720 744 In
745 710 813 744 hac
836 710 982 757 porticu
1004 711 1115 746 variis
1134 711 1359 758 picturarum
1379 711 1576 759 generibus
1595 711 1705 746 ador-

331 778 432 814 nata,
455 770 691 806 Marathonia
710 783 835 818 pugna
854 771 1000 819 depicta
1019 779 1106 807 erat.

383 832 465 866 Cap.
491 832 577 866 VII.
606 831 738 866 Vincis.
764 832 891 867 Vineae
910 832 1195 868 instrumentum
1219 832 1395 867 bellicum
1415 839 1520 866 erant
1544 831 1706 866 cratibus

329 899 562 936 contextum,
586 891 627 926 in
655 891 809 927 modum
833 894 956 928 vineoe
974 906 1037 928 seu
1055 894 1141 928 vitis
1163 893 1313 940 jugatae,
1338 893 1406 928 sub
1426 892 1558 940 quibus
1580 904 1703 939 oppu—

327 960 482 999 gnantes
502 953 613 988 tutius
631 953 680 988 ad
698 966 823 988 muros
842 954 1076 989 subruendos
1090 954 1346 1001 penetrabant.

387 1014 420 1048 T
418 1015 552 1049 estudo.
582 1014 757 1065 Machina
776 1015 910 1050 bellica
928 1015 1101 1050 tabulatis
1120 1023 1155 1051 et
1173 1015 1284 1051 coriis
1306 1015 1460 1050 cilicinis
1479 1020 1670 1057 contexta,
1685 1026 1704 1047 a

325 1075 570 1110 similitudine
595 1077 787 1111 testudinis
812 1076 920 1111 dicta.
954 1078 1111 1111 Testudo
1133 1090 1279 1124 quoque
1305 1076 1497 1111 dicebatur
1517 1087 1627 1122 quam
1648 1073 1703 1108 fa-

326 1136 473 1170 ciebant
503 1137 638 1172 milites
665 1149 703 1172 se
740 1138 960 1184 tegumentis
992 1146 1178 1173 scutorum
1214 1138 1377 1186 undique
1409 1137 1635 1184 operientes,
1666 1142 1704 1170 ut

326 1198 473 1232 testudo
498 1211 563 1233 suo
588 1198 789 1245 putamine.

378 1261 410 1293 Α
434 1271 529 1307 rege.
557 1260 764 1295 Subaudito
790 1262 988 1295 Persarum
996 1275 1009 1304 ;
1035 1263 1228 1295 Persarum
1254 1261 1352 1296 enim
1377 1272 1482 1307 reges
1507 1272 1604 1294 nunc
1629 1270 1698 1302 με-

323 1316 442 1368 γᾶλοι
466 1317 657 1364 βασιλεῖς,
681 1321 807 1368 magni
831 1333 953 1368 reges,
978 1334 1076 1356 nunc
1100 1335 1202 1369 mges
1221 1323 1388 1356 absolute
1411 1322 1639 1357 dicebantur.

374 1382 552 1418 Miltiadis
583 1382 722 1430 effigies
752 1390 938 1430 spectatur
960 1384 998 1418 in
1018 1384 1236 1419 numismate
1260 1383 1397 1427 veteri,
1422 1396 1503 1418 cum
1524 1384 1593 1419 hac
1618 1385 1701 1431 epi-

321 1444 462 1490 graphe
475 1457 484 1479 :
497 1445 732 1480 ΜΙΛΤΙΑΔΟ
780 1447 1024 1481 ΑΘΗΝΑΙΟὙ
1035 1443 1235 1483 (Miltiadis·
1245 1444 1512 1492 Atheniensis);
1524 1445 1562 1479 in
1576 1458 1701 1481 aversa

320 1511 425 1550 parte
443 1505 567 1553 imago
578 1507 778 1542 Libertatis
801 1507 948 1542 sinistra
965 1520 1078 1542 manu
1090 1507 1231 1554 pileum
1248 1506 1426 1550 tenentis,
1445 1519 1570 1553 super,
1584 1519 1701 1553 puero

320 1565 480 1601 lauream
503 1569 723 1613 extollente,
749 1582 831 1604 cum
853 1570 922 1604 hac
946 1568 1189 1616 inscriptione
1215 1582 1222 1602 z
1244 1569 1463 1603 EAAHNQN
1489 1569 1700 1603 ΕΛΕΥΘΕ-

320 1626 421 1677 ΡΙΑ(
433 1629 643 1664 Groecorum
658 1629 836 1676 libertas).
852 1629 1024 1678 Effigiem
1046 1630 1158 1665 etiam
1177 1630 1342 1664 Cimonis
1366 1630 1480 1664 habes
1500 1643 1545 1665 ex
1565 1631 1701 1665 Herme

320 1688 433 1723 veteri
471 1689 568 1726 inter
594 1691 780 1738 Imagines
817 1691 1015 1727 illustrium
1040 1693 1078 1726 F.
1099 1691 1226 1726 Ursini
1248 1704 1347 1725 num.
1375 1704 1443 1739 923
1466 1698 1502 1726 et
1537 1691 1700 1737 ejusdem

319 1750 473 1786 Hermes
502 1752 594 1787 alius
622 1760 788 1800 repertus
818 1760 871 1788 est
903 1753 995 1788 olim
1019 1754 1147 1788 Romae
1173 1752 1212 1786 in
1238 1759 1366 1787 monte
1392 1752 1529 1796 Coelio,
1555 1753 1701 1787 duobus

317 1812 483 1847 versibus
508 1814 634 1860 graecis
662 1822 697 1848 et
722 1815 845 1849 latinis
870 1815 1086 1862 inscriptus,
1111 1827 1203 1861 quos
1229 1814 1407 1849 exhibent
1428 1816 1578 1850 Gruteri
1604 1815 1700 1850 The-

316 1886 413 1908 saur.
444 1875 576 1918 inser„
603 1888 639 1922 p.
667 1875 788 1920 4386,
810 1883 846 1911 et
871 1878 928 1911 Jo.
954 1876 1093 1920 Faber,
1118 1876 1158 1910 in
1183 1876 1325 1911 Conun.
1352 1876 1400 1911 ad
1425 1876 1533 1924 imag.
1560 1876 1699 1912 Ursini.

707 2041 754 2068 IN
789 2041 1116 2070 THEMISTOCLIS
1153 2042 1309 2069 VlTAM.

370 2175 453 2208 CAP.
491 2175 519 2209 1.
556 2177 651 2221 Quae
675 2176 905 2211 contumelia.
935 2178 1089 2211 Paterna
1119 2176 1218 2211 enim
1247 2176 1382 2210 familia
1409 2176 1603 2211 excidebat
1628 2178 1697 2213 ab-

316 2235 456 2270 dicatus
474 2236 639 2281 juvenis,
659 2237 880 2284 publiceque
904 2250 972 2285 per
989 2250 1199 2285 praeconem
1221 2237 1536 2284 pronuntiabatur
1554 2246 1697 2286 patrem

316 2308 452 2343 negare
476 2297 574 2332 hunc
598 2311 703 2332 suum
727 2297 844 2333 filium
866 2311 944 2334 esse
965 2299 1134 2346 amplius.

368 2357 452 2392 Cap,
479 2359 528 2392 II.
544 2360 702 2394 Xerxes.
727 2359 832 2394 Darii
856 2360 992 2405 Nothi,
1014 2360 1129 2408 patris
1154 2361 1230 2405 sui,
1254 2362 1532 2397 Marathoniam
1555 2362 1695 2397 cladem

318 2419 582 2455 vindicaturus.

377 2482 568 2516 Tris-emes.
599 2482 660 2516 Sic
682 2481 787 2516 dictae
808 2495 828 2517 a
851 2483 985 2530 triplici
1010 2483 1106 2520 serie
1130 2497 1311 2520 remorum
1335 2492 1370 2520 et
1399 2487 1589 2533 remigum.

370 2546 426 2578 Ac
454 2555 564 2577 sacra
582 2545 833 2589 procuranda.
862 2544 906 2579 Id
931 2552 1003 2589 est,
1027 2559 1067 2581 ac
1089 2546 1270 2582 servanda
1301 2558 1401 2581 sacra
1426 2546 1604 2582 Minervae
1624 2550 1688 2582 1³0-

318 2603 434 2638 liadis.
467 2604 558 2637 Vide
581 2605 734 2648 S'rmn„
759 2617 811 2641 1x.

369 2666 449 2698 CAP.
474 2666 533 2699 lV.
561 2669 662 2699 Anu.
686 2666 728 2700 ld
755 2674 807 2701 est
834 2670 1008 2712 Athenas,
1030 2682 1109 2716 ‹1¹1ae
1123 2669 1220 2715 apud
1244 2669 1384 2704 Atticos
1403 2665 1470 2705 ἀςύ
1486 2681 1552 2716 per
1567 2671 1689 2705 excel-
