1859 3310
721 221 1000 255 PAUSANIAS.
1494 220 1540 252 οἳ

177 306 362 366 superbe
387 303 699 364 respondebat,
729 313 770 346 et
803 301 1037 346 crudeliter
1063 300 1315 360 imperabat.
1343 301 1540 358 Spartam

179 384 321 428 redire
349 382 551 426 nolebat:
570 380 760 426 Celonas
778 415 789 436 ,
816 381 890 441 qui
917 379 1037 423 locus
1062 380 1104 421 in
1134 395 1239 438 agro
1260 377 1443 421 Troadis
1461 388 1542 434 est,

178 479 221 507 se
248 461 518 516 contulerat;
552 461 611 504 ibi
644 459 845 514 consilia,
872 476 1010 519 quum
1032 459 1208 519 patriae,
1231 467 1321 501 tum
1352 457 1433 500 sibi
1459 458 1543 501 ini—

180 543 309 594 mica,
336 541 549 600 capiebat.
575 540 624 583 Id
650 549 881 599 postquam
906 537 1224 582 Lacedaemonii
1252 538 1542 592 resciverunt,

176 619 338 681 legatos
360 619 414 664 ad
437 636 536 663 eum
552 635 652 663 cum
678 617 840 679 Scytala
864 618 1079 662 miserunt
1102 633 1111 660 :
1137 617 1182 659 in
1197 633 1283 676 qua
1305 633 1427 660 more
1445 615 1543 659 illo-

174 714 272 742 rum
300 708 394 742 erat
416 698 652 758 scriptum,
677 698 759 741 nisi
780 697 959 740 domum
982 705 1295 750 reverteretur,
1320 712 1364 739 se
1391 695 1544 755 capitis

173 793 273 822 eum
311 777 608 821 damnaturos.
646 779 740 821 Hoc
778 777 933 821 nuntio
968 785 1232 832 commotus,
1263 792 1464 836 sperans,
1502 791 1545 818 se

179 858 303 901 etiam
334 868 429 902 tum
458 860 641 919 pecunia
669 867 710 901 et
736 857 931 917 potentia
955 858 1120 901 instans
1147 855 1390 917 periculum
1420 871 1545 915 posse

176 936 413 997 depellere,
446 937 625 981 domum
658 936 799 980 rediit.
831 940 927 980 Huc
956 947 1005 980 ut
1027 936 1168 992 venit,
1202 935 1254 979 ab
1291 935 1467 994 ephoris
1498 935 1543 977 in

174 1014 349 1060 vincula
377 1014 551 1076 publica
579 1016 801 1075 conjectus
822 1025 899 1059 est.
918 1016 1042 1059 Licet
1060 1015 1176 1058 enim
1201 1013 1370 1074 legibus
1393 1029 1543 1056 eorum

174 1094 311 1138 cuivis
332 1095 499 1154 ephoro
521 1094 604 1138 hoc
631 1094 770 1138 facere
792 1095 897 1155 regi.
923 1095 1039 1137 Hinc
1062 1103 1207 1137 tamen
1231 1110 1275 1136 se
1299 1092 1541 1153 expedivit:

176 1189 317 1232 neque
345 1190 396 1217 eo
425 1174 561 1234 magis
591 1174 766 1217 carebat
793 1174 1064 1233 suspicione;
1094 1189 1196 1216 nam
1221 1172 1370 1232 opinio
1396 1188 1544 1215 mane-

173 1251 265 1308 bat,
295 1268 394 1296 eum
423 1269 524 1296 cum
546 1269 648 1313 rege
673 1253 833 1296 habere
855 1253 1119 1297 societatem.
1146 1254 1223 1296 Est
1244 1268 1381 1312 genus
1409 1251 1546 1311 quod-

172 1331 272 1374 dam
301 1332 548 1387 hominum,
578 1331 697 1392 quod
728 1331 905 1376 Helotes
932 1341 1140 1387 vocatur,
1170 1347 1358 1390 quorum
1387 1346 1544 1390 magna

172 1409 408 1454 multitudo
443 1427 569 1471 agros
605 1410 1034 1455 Lacedaemoniorum
1074 1410 1196 1464 colit,
1231 1425 1545 1468 servorumque

172 1505 353 1532 munere
385 1490 594 1550 fungitur.
631 1492 721 1533 Hos
755 1505 931 1550 quoque
960 1489 1193 1533 sollicitare
1226 1505 1300 1549 spe
1332 1487 1544 1531 libertatis

169 1568 512 1612 existimabatur.
530 1568 632 1625 Sed,
651 1568 770 1628 quod
790 1570 945 1613 harum
961 1586 1109 1613 rerum
1126 1567 1297 1612 nullum
1316 1577 1406 1611 erat
1425 1583 1545 1627 aper-

172 1656 266 1690 tum
304 1648 488 1703 crimen,
525 1665 612 1707 quo
647 1649 773 1708 argui
808 1658 974 1707 posset,
1004 1664 1094 1690 non
1128 1648 1341 1707 putabant
1375 1646 1428 1688 de
1468 1644 1543 1689 tali

171 1736 346 1786 tamque
376 1725 494 1770 claro
516 1727 610 1770 viro
648 1727 972 1788 suspicionibus
999 1735 1203 1786 oportere
1232 1725 1443 1786 judicari,
1470 1723 1545 1768 sed

170 1806 508 1866 expectandum,
537 1806 642 1850 dum
669 1824 713 1850 se
732 1807 824 1867 ipsa
851 1823 919 1850 res
945 1807 1148 1866 aperiret.

234 1886 308 1929 IV.
341 1886 523 1929 Interim
562 1884 758 1946 Argilius
793 1885 972 1945 quidam
1009 1882 1378 1937 adolescentulus,
1415 1899 1543 1943 quem

172 1981 356 2025 puerum
380 1966 620 2009 Pausanias
643 1981 791 2008 amore
814 1980 1001 2008 venereo
1025 1963 1252 2020 dilexerat,
1278 1980 1413 2023 quum
1438 1964 1546 2022 epis-

171 2043 305 2087 tolam
331 2045 385 2087 ab
412 2060 463 2087 eo
482 2044 537 2087 ad
562 2044 830 2088 Artabazum
851 2045 1105 2104 accepisset,
1129 2044 1255 2102 eique
1273 2043 1317 2085 in
1339 2042 1546 2102 suspicio-

173 2140 271 2167 nem
300 2125 507 2180 venisset,
537 2122 703 2184 aliquid
734 2125 779 2167 in
808 2140 857 2167 ea
884 2123 937 2167 de
970 2140 1014 2167 se
1045 2140 1136 2167 esse
1161 2123 1396 2182 scriptum,
1427 2122 1540 2181 quod

172 2219 299 2246 nemo
321 2220 470 2248 eorum
492 2203 712 2262 rediisset,
737 2204 811 2264 qui
836 2220 967 2264 super
993 2202 1067 2246 tali
1092 2219 1221 2246 causa
1245 2201 1397 2245 eodem
1424 2201 1543 2244 missi

170 2292 294 2326 erant
309 2299 320 2337 3
336 2282 515 2327 vincula
530 2282 722 2344 epistolae
741 2282 920 2337 laxavit,
940 2283 1152 2343 signoque
1170 2282 1367 2326 detracto
1387 2296 1545 2341 cogno-

172 2363 251 2417 vit,
277 2363 309 2405 si
340 2362 608 2422 pertulisset,
631 2364 713 2407 sibi
739 2380 830 2407 esse
850 2362 1137 2422 pereundum.
1167 2365 1303 2406 Erant
1326 2362 1369 2403 in
1394 2359 1543 2403 eadem

171 2441 379 2502 epistola,
406 2459 501 2503 quae
523 2443 577 2486 ad
606 2459 655 2486 ea
683 2442 982 2502 pertinebant,
1008 2457 1103 2501 quae
1125 2442 1238 2484 intcr
1260 2457 1406 2502 regern
1430 2442 1543 2483 Pau—

172 2522 422 2581 saniamque
442 2532 749 2566 convenerant.
768 2524 856 2564 Has
876 2521 946 2564 ille
968 2521 1133 2564 litteras
1153 2520 1329 2580 ephoris
1350 2519 1539 2563 tradidit

171 2602 270 2644 Non
287 2611 349 2645 est
365 2603 668 2662 praetereunda
684 2603 874 2662 gravitas
895 2601 1317 2645 lssiaccdaeinoniorum
1336 2599 1539 2643 hocloco:
