1859 3310
379 196 437 208 ιὶιὶαἱ
441 196 563 209 mm
567 196 688 209 ΒΜ
692 196 1204 210 ΕΜΒΒἜΊΣΝἏἉἋἉὮΧΜΒΜ
1209 197 1627 210 §xxxmmxaemufflxmmw
1631 198 1741 210 *ml*-

1006 391 1110 432 VII.

749 602 1370 672 ALCIBIADES.

374 1023 702 1118 ψΑιειΒῐΛιΠῑε,
727 1061 880 1106 Cliniae
908 1060 1041 1118 filius,
1066 1061 1357 1108 Atheniensis.
1383 1067 1434 1107 In
1458 1065 1541 1108 hoc
1569 1074 1742 1119 natura,

372 1141 477 1200 quid
507 1141 677 1185 efficere
700 1143 853 1201 possit,
877 1141 1051 1184 videtur
1073 1152 1260 1203 experta.
1287 1146 1470 1189 Constat
1494 1144 1608 1188 enim
1633 1145 1746 1187 inter

371 1237 519 1264 omnes
545 1222 619 1281 qui
648 1221 700 1264 de
733 1238 784 1265 eo
813 1221 1032 1264 memoriae
1058 1222 1368 1282 prodiderunt,
1398 1223 1505 1267 nihil
1541 1241 1591 1268 eo
1619 1222 1747 1266 fuisse.

371 1298 674 1355 excellentius,
700 1300 765 1344 vel
790 1301 834 1343 in
854 1302 988 1358 vitiis,
1015 1301 1080 1345 vel
1103 1302 1146 1344 in
1167 1303 1415 1347 virtutibus.
1436 1304 1634 1347 Natusin
1659 1320 1746 1347 am-

370 1378 565 1439 plissima
600 1381 796 1435 civitate,
834 1398 1004 1425 summo
1043 1398 1219 1442 genere,
1255 1384 1451 1426 omnium
1485 1385 1622 1428 aetatis
1661 1400 1746 1427 suae

368 1459 508 1503 multo
541 1459 903 1515 formosissimus,
938 1461 990 1504 ad
1023 1478 1174 1505 omnes
1212 1478 1278 1504 res
1307 1472 1453 1522 aptus,
1490 1462 1746 1523 consiliique

368 1538 544 1599 plenus;
562 1556 750 1600 namque
771 1541 1012 1601 imperator
1039 1541 1120 1584 fuit
1140 1558 1336 1585 summus
1360 1551 1402 1585 et
1418 1543 1527 1586 mari
1550 1552 1593 1586 et
1611 1552 1745 1586 terra:

368 1618 576 1674 disertus,
598 1629 648 1663 ut
667 1621 711 1663 in
731 1621 883 1680 primis
908 1620 1093 1664 dicendo
1107 1619 1268 1664 valeret
1285 1638 1296 1675 3
1312 1632 1355 1665 et
1377 1632 1497 1666 tanta
1514 1632 1605 1666 erat
1631 1639 1748 1666 com-

367 1699 590 1743 mendatio
616 1700 704 1743 oris
730 1709 861 1760 atque
886 1701 1116 1757 orationis,
1147 1710 1193 1744 ut
1220 1718 1348 1744 nemo
1373 1703 1411 1745 ei
1438 1702 1622 1746 dicendo
1645 1719 1745 1763 pos-

368 1789 430 1823 set
466 1780 700 1823 resistere:
727 1779 905 1836 deinde,
931 1797 1066 1840 quum
1098 1790 1268 1841 tempus
1303 1791 1519 1841 posceret,
1557 1781 1745 1825 laborio-

367 1875 460 1914 sus,
495 1859 682 1919 patiens,
717 1858 927 1916 liberalis,
963 1859 1234 1920 splendidus,
1265 1878 1352 1904 non
1385 1862 1528 1905 minus
1562 1862 1605 1904 in
1635 1863 1746 1913 vita,

367 1955 496 1998 quam
520 1939 665 1993 victu,
689 1937 898 1995 affabilis,
927 1937 1135 1995 blandus,
1168 1941 1439 2001 temporibus
1468 1940 1745 1985 callidissime

370 2019 619 2062 inserviens.
653 2018 794 2072 Idem,
827 2017 955 2062 simul
990 2035 1039 2062 ac
1077 2036 1120 2062 se
1157 2021 1404 2075 remiserat,
1442 2037 1583 2080 neque
1615 2038 1744 2065 causa

366 2096 563 2151 suberat,
588 2114 722 2156 quare
746 2098 882 2140 animi
903 2096 1095 2141 laborem
1117 2098 1346 2159 perferret,
1373 2098 1642 2156 luxuriosus,
1659 2100 1745 2144 dis-

367 2175 554 2232 solutus,
570 2176 849 2232 libidinosus,
871 2178 1166 2237 intemperans
1182 2178 1505 2238 reperiebatur:
1522 2188 1570 2222 ut
1591 2195 1743 2224 omnes

367 2256 713 2311 admirarentur,
739 2256 783 2299 in
811 2273 899 2300 uno
922 2256 1100 2300 homine
1125 2266 1290 2300 tantam
1320 2259 1459 2302 inesse
1479 2258 1745 2303 dissimilitu-

365 2336 527 2393 dinem,
556 2346 734 2396 tamque
757 2337 969 2380 diversam
997 2346 1211 2380 naturam.

428 2419 483 2460 II.
522 2415 744 2460 Educatus
769 2426 832 2459 est
873 2417 917 2459 in
959 2416 1090 2459 domo
1126 2415 1305 2461 Periclis
1344 2417 1598 2479 (privignus
1625 2421 1741 2462 enim

366 2498 457 2557 ejus
483 2495 612 2539 fuisse
637 2496 816 2557 dicitur)
833 2532 844 2554 ,
869 2497 1067 2540 eruditus
1089 2514 1113 2541 a
1139 2499 1343 2553 Socrate3
1366 2515 1566 2542 socerum
1590 2499 1741 2543 habuit

365 2575 687 2635 Hipponicum,
723 2578 922 2620 omnium
971 2594 1109 2637 graeca
1141 2577 1290 2637 lingua
1323 2576 1595 2638 loquentium
1629 2579 1739 2622 divi-
