1859 3310
315 197 385 233 224
915 194 1073 228 NOTAE

362 274 445 309 cip.
466 276 507 310 V.
526 276 704 310 Insulam.
728 276 851 311 Insula
873 289 958 323 pars
978 283 1055 312 erat
1073 288 1135 310 scu
1158 275 1262 322 regio
1285 274 1385 309 urbis
1403 275 1678 321 Syracusarum,

309 343 344 371 et
362 336 476 371 instar
494 336 616 380 urbis,
636 344 675 371 ut
694 337 743 371 ait
762 339 812 370 M.
836 337 977 371 Tullius
999 338 1035 371 in
1063 337 1215 371 Verrem.
1244 337 1427 383 Syracusae
1457 333 1554 369 enim
1583 346 1678 368 con—

308 397 453 431 stabant
475 409 521 431 cx
547 404 704 444 quatuor
728 398 893 432 urbibus.
913 398 1079 432 Lamum.

360 459 442 493 Cap.
474 459 536 493 VI.
561 460 827 505 Apollocrates.
854 457 1026 505 Dionysii
1049 457 1167 504 major
1196 464 1284 492 natu
1311 455 1424 501 filius,
1456 455 1515 490 cui
1543 467 1681 498 arcem,

308 531 417 565 quam
431 525 536 565 pater
550 518 588 552 in
607 518 751 553 Italiam
763 518 952 566 aufugiens
962 545 971 563 ‚
985 518 1159 553 tuendam
1172 518 1393 562 tradiderat,
1411 517 1546 564 cripuit
1564 516 1680 560 Dion,

307 586 397 614 teste
421 578 628 613 Plutarcho.

359 641 424 674 Ex
456 640 619 674 secunda
647 639 864 687 rhapsodia.
901 641 956 675 Ex
983 641 1146 676 secundo
1179 641 1317 676 Iliados
1346 641 1455 676 libro.
1485 640 1562 674 Hac
1587 651 1679 674 voce

307 699 425 734 Iliada
448 700 603 735 Homeri
626 700 861 748 singulasque
885 701 960 746 ejus
986 708 1125 748 partes,
1146 702 1205 736 vel
1234 702 1367 746 libros,
1393 702 1483 735 olim
1509 700 1680 735 solebant

307 761 513 807 designare.
546 755 746 807 ‘l’wssrleae
773 775 862 797 vero
889 769 1107 798 contextura
1132 770 1185 797 est
1208 763 1409 797 carminum
1427 761 1681 806 heroicorum,

307 833 351 856 ex
374 818 527 869 ῥάπτω,
545 835 701 867 consu0‚
726 823 886 867 sarcino,
905 830 941 858 et
963 818 1240 868 qiaefvssarmen,
1263 830 1399 857 cantus.

358 883 441 919 CAP.
456 884 560 919 VIII.
584 884 811 920 Callicrates.
832 886 947 919 Istum
971 885 1034 920 alii
1053 897 1180 920 omnes
1205 884 1417 932 Callippum
1439 891 1584 918 vocant.

357 946 491 980 Jurare
509 954 648 994 cogunt.
669 946 743 990 Qui
760 944 870 980 fidem
892 947 1104 993 praestabat,
1118 947 1156 980 in
1170 946 1312 982 Cereris
1332 946 1511 993 templum
1531 945 1683 979 descen-

307 1005 416 1049 dens,
448 1006 526 1041 deae
560 1019 779 1054 purpuram,
810 1007 1032 1054 quibusdam
1064 1007 1221 1054 peractis
1257 1005 1460 1050 sacrificiis,
1485 1005 1684 1048 induebat,

306 1073 456 1114 tumque
479 1067 595 1103 facem
618 1075 764 1112 tenens,
782 1080 821 1104 se
841 1067 953 1104 fidem
978 1075 1207 1104 servaturum
1226 1068 1385 1115 jurabat.
1406 1067 1498 1101 Vide
1512 1068 1683 1101 PLUTAR-

306 1139 433 1173 CHUM,
455 1129 491 1164 in
512 1130 642 1164 Dione.

361 1191 441 1224 Hac
459 1191 643 1238 religione.
663 1191 746 1225 Hoc
762 1189 1025 1237 jurejurando,
1051 1191 1123 1225 hoc
1148 1190 1367 1225 sacramenti
1392 1189 1553 1224 vinculo.

358 1252 440 1286 Cn.
456 1253 524 1287 IX.
539 1253 612 1286 Die
622 1251 737 1297 festo.
759 1252 986 1299 Proserpinae
1005 1252 1162 1296 scilicet,
1180 1264 1247 1299 per
1267 1264 1377 1298 quam
1391 1251 1578 1297 juraverat
1598 1249 1680 1285 Cal-

308 1311 462 1346 licrates.
493 1312 583 1346 Vide
600 1312 659 1346 hic
677 1313 902 1356 MEURSIUM‚
928 1311 1250 1358 Graecioefhriatoe
1275 1312 1339 1347 lib.
1363 1325 1415 1346 ιν.

361 1372 533 1418 Proeficit.
569 1373 710 1419 Nempe
736 1371 854 1417 idem,
883 1385 993 1419 quem
1017 1380 1126 1408 vocat
1149 1373 1209 1408 hic
1235 1373 1485 1417 Callicratem,
1505 1371 1567 1406 alii
1595 1372 1683 1406 Cal-

309 1433 466 1480 lippum.

360 1495 443 1529 CAP.
457 1495 502 1529 X.
532 1494 771 1530 Celeberrimo
790 1498 879 1531 loco.
902 1496 948 1531 Id
971 1503 1025 1531 est
1057 1496 1374 1543 frequentissimo;
1397 1495 1492 1530 forte
1520 1495 1559 1529 in
1584 1493 1685 1536 foro,

307 1555 371 1590 ubi
394 1555 511 1590 Graeci
530 1557 649 1591 claros
670 1556 770 1592 viros
790 1557 947 1604 sepelire
966 1557 1066 1592 soliti
1085 1565 1201 1593 erant.

358 1616 491 1651 Dionis
504 1629 561 1652 res
575 1625 693 1664 gestas
706 1613 915 1653 memorant
928 1620 1140 1654 Plutarchus
1151 1647 1161 1664 ,
1179 1619 1385 1663 Diodorus,
1397 1618 1583 1663 Laertius,
1597 1625 1664 1653 etc.
1675 1645 1684 1662 ‚

308 1685 343 1713 et
362 1678 461 1725 apud
482 1691 568 1721 nos,
592 1680 716 1714 Rollin
736 1686 772 1715 et
797 1680 1042 1726 Barthe'lemy.

733 1820 780 1847 IN
817 1818 1075 1848 IPHICRATIS
1111 1819 1269 1848 VITAM.

359 1940 442 1974 Cap.
463 1938 512 1973 II.
542 1939 785 1974 Artaxerxes.
825 1940 1020 1974 Artaxerxi
1048 1939 1134 1975 huic
1163 1941 1355 1975 Persarum
1394 1938 1472 1986 regi
1505 1941 1685 1975 Mnemon

309 2011 521 2047 cognomen
543 2006 631 2035 erat.

361 2061 523 2095 Fabiani
532 2061 674 2096 milites.
696 2062 755 2096 Sic
769 2062 858 2097 dicti
880 2076 899 2097 a
924 2064 1039 2099 Fabio
1059 2064 1244 2107 Maximo,
1264 2066 1327 2111 qui
1351 2063 1561 2099 cunctando
1589 2063 1686 2099 vires

309 2121 501 2157 Annibalis
515 2148 525 2165 ,
549 2122 714 2156 secundo
737 2124 875 2169 punico
896 2124 1013 2167 bello,
1033 2125 1183 2159 attrivit.

360 2184 443 2218 CAP.
467 2184 537 2217 III.
576 2184 683 2218 Bello
713 2185 853 2220 sociali.
886 2185 999 2229 Quod
1029 2198 1095 2232 per
1123 2186 1320 2221 triennium
1345 2193 1534 2233 gesserunt
1564 2186 1685 2221 Athe-

308 2245 453 2280 nienses
482 2244 657 2279 adversus
684 2246 927 2292 Byzantinos,
955 2246 1088 2291 Chios,
1118 2247 1287 2282 Rhodios
1311 2255 1347 2282 et
1369 2248 1489 2290 Coos,
1513 2247 1594 2295 qui,
1613 2247 1685 2283 foe-

309 2306 397 2341 dere
415 2305 509 2340 inito
522 2332 531 2349 ,
553 2306 839 2341 Atheniensibus
859 2308 999 2342 bellum
1018 2308 1230 2344 intulerant.
1255 2309 1349 2343 Vide
1366 2310 1590 2344 onnonum.

363 2368 427 2402 Ex
459 2367 632 2402 Thressa.
654 2368 812 2404 Muliere
837 2369 1004 2404 Thracia.

360 2432 417 2465 De
452 2428 656 2476 Iphicrate,
680 2430 768 2464 vide
793 2430 1047 2474 Aristotelem,
1072 2430 1301 2475 Diodorum,
1326 2431 1581 2475 Plutarchum,
1607 2432 1687 2466 Xc-

311 2491 542 2538 nophontem
556 2517 565 2535 ,
585 2491 787 2533 Justinum‚
811 2498 878 2526 etc.
891 2518 901 2536 ‚
922 2499 958 2527 et
974 2491 1073 2540 apud
1092 2505 1160 2527 nos
1187 2493 1311 2528 Rollin
1331 2500 1367 2528 et
1383 2491 1630 2538 Barche'lemf.
