1859 3310
184 476 461 547 NOTAE
506 480 596 547 IN
648 481 1062 551 CORNELII
1109 482 1487 554 NEPOTIS

700 663 979 718 OPERA.

507 1040 555 1067 IN
582 1040 799 1069 AUCTORIS
828 1042 1176 1070 PRAEFATloNEM.

209 1153 481 1187 Lacedoemoni.
504 1154 578 1187 Pro
596 1154 877 1188 Lacedaemone.

209 1215 274 1250 Ad
289 1216 421 1249 lenam.
444 1213 564 1248 Valde
581 1214 641 1248 hic
660 1215 760 1249 locus
786 1214 949 1249 exercuit
967 1215 1197 1261 interpretes.
1218 1216 1283 1250 Ad
1297 1228 1447 1250 scenam
1466 1216 1533 1250 ha—

159 1277 248 1312 bent
266 1275 413 1312 codices
439 1274 558 1310 nostri
576 1275 669 1323 regii
689 1273 786 1320 5857
808 1283 843 1310 et
860 1275 979 1320 6143,
1001 1282 1036 1311 et
1056 1277 1150 1311 hanc
1173 1277 1369 1312 lectionem
1392 1278 1534 1324 probo,

159 1351 241 1387 quae
264 1351 284 1373 a
302 1337 540 1385 sequentibus
567 1337 603 1370 in
621 1349 769 1371 scenam
781 1338 939 1384 prodire
951 1338 1226 1373 corroboratur.
1242 1338 1313 1373 Alii
1326 1339 1380 1372 acl
1391 1350 1534 1372 coenam

159 1399 377 1443 emendant,
403 1398 507 1445 quod
531 1397 720 1444 sequentia
750 1397 858 1445 (nam
883 1411 997 1445 neque
1021 1400 1058 1434 in
1082 1397 1296 1443 convivium)
1317 1405 1533 1445 coarguunt.

158 1462 294 1496 Nostra
306 1459 422 1496 editio
435 1460 490 1493 ad
506 1460 628 1493 lenam
640 1459 816 1505 praetulit,
836 1460 938 1506 quod
957 1459 1195 1507 impudicitia:
1214 1467 1249 1495 et
1272 1467 1426 1507 quaestus
1440 1459 1534 1494 fama

160 1522 368 1557 laborarint
394 1522 546 1556 Lacenae
563 1520 748 1555 mulieres.

215 1582 475 1630 Gynoecom‘tis.
504 1578 777 1626 Γυναικωνῖτις,
797 1581 895 1628 apud
913 1583 1079 1627 Graecos,
1103 1581 1300 1617 mulierum
1320 1581 1506 1617 conclave.

215 1860 278 1904 IN
311 1859 483 1903 VITAS
516 1858 989 1902 EXCELLENTIUM
1023 1855 1481 1900 IMPERATORUM.

591 1999 636 2026 IN
672 1997 910 2025 MILTIADIS
946 1997 1101 2025 vJTAM.

218 2114 300 2149 Cn.
321 2114 350 2147 I.
383 2112 532 2159 Pythia.
564 2112 632 2146 Vel
661 2110 894 2157 Pythonissa,
925 2110 1030 2157 virgo
1058 2110 1228 2148 sacerdos
1254 2116 1331 2145 erat
1356 2108 1538 2156 Apollinis

167 2175 308 2222 Pythii,
331 2187 428 2221 quae,
446 2173 611 2208 insidens
633 2172 774 2219 tripodi
790 2171 897 2218 hujus
916 2172 994 2216 dei,
1013 2172 1167 2219 Delphis
1194 2171 1473 2206 vaticinabatur.

219 2237 303 2270 CAP.
323 2236 371 2270 ΙΙ.
397 2235 658 2269 Barbamrum.
684 2233 888 2277 Thracum,
909 2233 1039 2280 populi
1067 2233 1164 2268 enim
1192 2232 1335 2268 externi
1359 2246 1379 2267 a
1403 2232 1539 2267 Graecis

173 2297 331 2332 Barbari
349 2296 590 2331 vocabantur>

219 2359 302 2394 CAP.
329 2358 398 2392 ΙΙΙ.
428 2356 582 2402 Scythis.
609 2355 681 2399 Qui
703 2355 859 2390 Tanaim
877 2354 975 2389 inter
999 2361 1034 2389 et
1053 2355 1238 2389 Iaxartem
1262 2366 1388 2388 amnes
1408 2354 1445 2387 in
1466 2354 1538 2387 Eu-

169 2432 261 2467 ropa
278 2419 339 2454 siti
357 2425 472 2454 erant.

220 2482 364 2516 Asiam.
385 2480 569 2515 Minorem
590 2478 738 2514 scilicet.

222 2543 304 2578 CAP.
325 2543 386 2577 IV.
408 2541 693 2576 Hemerodromi.
709 2542 742 2575 A
761 2551 876 2587 graece
896 2535 1153 2585 ἧμεροὲρὸμοι,
1173 2539 1235 2586 qui
1253 2550 1320 2585 per
1338 2537 1436 2573 diem
1455 2549 1537 2572 cur-

171 2611 274 2648 runt,
299 2617 318 2639 a
342 2603 495 2639 vocibus
521 2598 652 2652 ἦμέρα,
676 2602 772 2647 dies,
797 2609 832 2637 et
857 2598 1006 2647 ἒρὸμος,
1032 2613 1166 2636 cursus.
1187 2617 1201 2632 «
1223 2602 1358 2647 Ingens
1383 2599 1442 2635 die
1467 2609 1542 2634 uno

172 2678 278 2702 mrsu
296 2666 508 2702 emetientes
531 2666 704 2713 spatium,
728 2680 742 2695 »
766 2672 807 2699 ut
826 2665 980 2711 explicat
1003 2663 1147 2702 Livius.
1169 2674 1280 2705 xxm,
1305 2666 1364 2703 24.
