1859 3310
315 203 339 250 ij
774 204 1005 239 CORNELII
1035 203 1241 239 NEPOTIS

318 286 491 330 siodoro
516 297 558 331 et
586 287 809 330 Antonino
840 288 882 329 in
908 288 1137 330 Itinerario
1163 295 1452 341 memoratus,
1479 284 1690 345 hodieque

319 374 612 419 ecclesiasticae
629 376 948 419 Veronensium
971 375 1263 434 jurisdictioni
1289 373 1500 418 subditus.

381 464 625 507 Historicus
651 463 721 505 hic
747 461 929 516 Catulli,
958 462 1032 520 qui
1064 463 1101 505 ei
1129 463 1322 505 carmina
1348 479 1423 505 sua
1452 462 1694 522 inscripsit,

320 552 424 595 civis
444 560 486 594 et
505 551 689 603 amicus,
710 549 873 592 amicus
891 550 1021 591 etiam
1040 549 1261 592 Ciceronis
1285 565 1309 592 a
1330 548 1472 593 Gellio
1493 559 1694 605 vocatur,

322 639 394 682 lib.
414 654 491 694 XV,
517 654 609 697 cap.
634 636 716 692 28,
744 645 787 679 et
811 638 858 679 T.
881 636 1112 695 Pomponii
1133 636 1287 692 Attici,
1314 636 1437 695 cujus
1464 637 1593 680 rebus
1622 636 1697 679 do-

323 725 507 769 mesticis
536 740 646 784 saepe
674 733 854 784 propter
882 722 1216 767 familiaritatem
1243 723 1489 767 interfuisse
1517 734 1699 768 testatur

324 815 367 856 in
393 813 485 872 ejus
513 813 625 866 vita,
652 828 744 872 cap.
784 810 851 856 13.
882 812 1100 856 Chronica
1127 812 1346 871 scripsisse
1364 812 1480 855 testis
1500 821 1564 855 est
1586 812 1696 855 idern

324 900 490 945 Gellius
507 935 518 957 ,
537 900 610 944 lib.
632 916 756 944 xxvn
773 934 784 956 ,
810 917 903 960 cap.
924 916 1015 943 xx1.
1043 901 1094 942 In
1123 899 1190 943 his
1211 915 1291 959 pro
1308 898 1467 959 triplici
1487 908 1703 959 tempore,

326 990 536 1045 obscuro,
557 989 749 1049 mythico
779 1005 851 1032 seu
878 987 1075 1032 fabuloso
1102 997 1144 1031 et
1167 987 1400 1044 historico,
1422 997 1508 1030 tres
1533 986 1706 1031 videtur

327 1077 546 1138 scripsisse
566 1076 720 1133 libros,
744 1094 793 1120 ac
821 1074 1000 1137 singulis
1029 1076 1155 1119 unius
1174 1076 1382 1136 temporis
1411 1075 1706 1119 narrationem

328 1182 419 1208 esse
445 1164 707 1226 complexus.
743 1166 854 1208 Sane
884 1175 967 1207 tres
1006 1163 1138 1207 libros
1170 1163 1318 1207 fecisse
1347 1164 1586 1224 Nepotem,
1614 1164 1709 1224 qui-

330 1254 411 1296 bus
449 1269 577 1296 omne
607 1267 745 1295 aevum
780 1251 1185 1312 comprehenderit,
1212 1250 1377 1311 liquido
1412 1260 1598 1295 testatur
1628 1254 1711 1296 Ca·

332 1340 468 1384 tullus
497 1342 622 1384 initio
641 1339 1124 1401 Hendecasyllaborum.
1142 1341 1234 1384 Nec
1259 1340 1517 1384 historicum
1542 1350 1712 1401 tempus

335 1431 387 1473 ab
426 1447 476 1474 eo
504 1429 645 1473 solum
673 1446 765 1473 esse
789 1439 1052 1486 tractatum,
1080 1428 1240 1472 indicio
1267 1438 1332 1472 est
1362 1428 1469 1472 illud
1493 1429 1675 1473 Ausonii
1704 1447 1711 1471 :

336 1537 356 1559 <t
375 1517 594 1579 Apologos
611 1519 800 1575 Titiani,
820 1527 862 1561 et
879 1518 1064 1578 Nepotis
1083 1517 1326 1573 Chronica,
1346 1518 1469 1577 quasi
1488 1516 1595 1560 alios
1615 1533 1716 1578 apo-

337 1607 461 1668 logos
490 1607 626 1669 (nam
654 1617 697 1651 et
721 1608 815 1668 ipsa
842 1608 978 1650 instar
1003 1605 1250 1650 fabularum
1276 1605 1434 1667 sunt),
1471 1607 1526 1651 ad
1560 1605 1716 1649 nobili-

340 1706 472 1740 tatem
509 1706 632 1740 tuam
669 1697 777 1739 misi.
814 1715 834 1736 ³>
862 1697 970 1739 Item
1005 1712 1057 1739 ex
1093 1712 1164 1746 e0‚
1197 1695 1314 1755 quod
1348 1695 1643 1739 Tertullianus
1676 1696 1719 1737 in

340 1783 626 1850 Apologcfflco
647 1784 855 1828 adversus
874 1794 1022 1845 gentes
1040 1784 1139 1847 (ubi
1156 1801 1254 1828 eum
1275 1785 1388 1828 inter
1408 1786 1718 1844 antiquitatum

340 1883 703 1917 commentatores
724 1873 919 1917 disertim
936 1872 1136 1934 reponit)
1156 1872 1282 1930 dicit,
1297 1873 1415 1917 haud
1435 1873 1553 1917 aliud
1573 1876 1721 1918 Satur-

343 1978 472 2017 num,
511 1978 643 2022 quam
678 1961 922 2019 hominem,
950 1961 1261 2023 promulgasse.
1291 1963 1425 2020 Quod
1454 1964 1584 2006 etiam
1611 1965 1721 2006 Lac-

345 2051 509 2093 tantius
536 2050 694 2107 tradit,
720 2048 794 2094 lib.
822 2067 856 2107 Ι,
883 2067 976 2111 cap.
1012 2049 1080 2094 13.

414 2137 606 2198 Reliquit
630 2148 838 2200 praeterea
861 2137 993 2182 libros
1019 2137 1260 2183 Illustrium
1288 2141 1516 2195 Virorum,
1536 2155 1725 2199 quorum

352 2227 520 2272 Gellius
545 2228 762 2283 meminit,
789 2226 861 2271 lib.
888 2244 956 2283 xi,
983 2244 1074 2289 cap.
1107 2228 1155 2284 8,
1182 2238 1225 2272 et
1249 2229 1422 2272 Servius
1449 2229 1493 2271 in
1520 2245 1533 2272 1
1560 2228 1725 2278 AEneid.

352 2319 517 2360 Eorum
541 2315 703 2359 librum
728 2333 742 2359 1
758 2350 769 2370 ,
793 2332 852 2359 xv
876 2326 917 2360 et
937 2334 1011 2361 XVI
1033 2318 1137 2361 citat
1161 2318 1397 2362 Charisius.
1420 2320 1485 2361 Ex
1511 2318 1576 2361 his
1602 2318 1730 2360 habe-

357 2422 452 2448 mus
490 2405 642 2465 viginti
674 2404 783 2448 duos
814 2414 1058 2449 exterarum
1085 2406 1279 2466 gentium
1314 2407 1607 2466 imperatores.
1637 2408 1728 2450 Ca:—

357 2494 458 2536 tcris
485 2491 605 2536 libris
631 2493 766 2553 egisse
791 2493 842 2537 de
862 2495 1091 2550 Romanis,
1118 2495 1209 2538 haec
1234 2495 1325 2553 ejus
1347 2494 1476 2536 verba
1496 2493 1725 2536 ostendunt

360 2582 403 2623 in
429 2590 618 2624 extrema
636 2580 860 2624 Annibalis
875 2582 963 2624 vita
986 2599 994 2623 :
1022 2581 1139 2625 «Sed
1166 2597 1243 2624 nos
1267 2590 1435 2640 tempus
1450 2589 1511 2623 est
1536 2580 1731 2640 hujusli-
