1859 3310
497 240 547 273 IN
575 238 716 273 VITAS
747 236 952 271 EXCELL.
984 237 1151 272 IMPER.
1431 241 1502 278 235

137 321 252 369 magis
265 322 381 356 miror
395 322 533 369 ambigi
546 332 703 368 quanam
719 320 829 365 Alpes
847 319 1010 354 Annibal
1036 321 1236 364 transierit,
1251 329 1286 356 et
1304 324 1413 370 vulgo
1427 337 1505 359 cre-

139 383 228 418 dere
252 381 391 432 (credi)
414 384 601 425 Pennino,
616 388 724 427 atque
743 380 830 416 inde
850 393 985 416 nomen
1009 388 1044 417 et
1059 381 1149 429 jugo
1169 382 1316 429 Alpium
1334 383 1507 427 inditum,

141 451 455 490 transgressum....
476 454 595 489 neque
611 442 771 477 Hercule
788 441 978 477 montibus
997 442 1053 477 his
1078 444 1125 479 ab
1148 444 1301 479 transitu
1312 446 1508 480 Poenorum

140 505 216 539 ullo
239 505 395 551 Veragri
412 504 543 538 incolae
565 502 645 549 jugi
663 502 756 549 ejus,
776 510 913 538 norunt
934 516 1072 539 nomen
1091 505 1265 551 inditum3
1286 506 1350 541 sed
1370 506 1417 540 ab
1443 517 1487 541 co
1500 532 1509 549 ‚

141 578 250 612 quum
273 566 311 600 in
337 577 478 600 summo
499 571 677 599 sacratum
697 564 832 599 vertice
851 565 1055 599 Penninum
1081 567 1249 602 montani
1272 567 1470 614 appellant.
1494 581 1509 596 »

141 627 215 661 Has
233 627 343 673 Alpes
365 626 600 669 Ptolemaeus,
617 638 668 669 11,
694 637 756 668 12,
777 622 850 661 τάς
872 627 1009 662 Ποινας
1038 633 1164 671 vocat3
1187 634 1222 662 et
1239 628 1278 662 in
1300 627 1512 675 inscriptio—

140 688 266 731 nibus,
277 687 411 734 legitur
423 687 522 734 apud
535 689 733 722 Gruterum
745 714 754 730 ‚
767 700 802 734 p.
820 686 910 731 376,
925 700 1053 723 urus
1071 700 1240 734 pomum,
1259 689 1359 737 apud
1377 691 1491 736 Spon.
1501 715 1510 732 ,

141 760 215 784 neo
240 760 393 784 pen-mo,
418 750 490 784 Res
515 760 604 796 ergo
631 748 669 783 in
689 748 806 783 dubio
827 749 1058 796 relinquitur.

200 811 304 856 Quas
326 822 432 845 nemo
450 823 612 857 unquam
630 822 711 844 cum
734 811 903 845 exercitu.
924 811 1067 846 Falsum
1083 811 1155 846 hoc
1174 824 1250 847 esse
1271 812 1380 847 docet
1398 812 1511 859 Poly-

140 870 242 915 bius,
270 884 346 916 111,
375 871 443 915 483
475 871 612 918 quippe
650 871 778 906 Gallos
809 878 958 914 monet,
997 871 1172 907 Rhodani
1210 873 1370 916 accolas,
1402 873 1513 907 semel

142 933 348 980 iterumque
373 945 455 968 cum
476 932 619 980 magnis
646 933 865 968 exercitibus
883 933 997 979 Alpes
1015 932 1212 968 transiisse.

195 995 339 1030 Praeter
354 995 546 1029 Herculem
562 995 727 1029 Graium.
752 994 861 1029 Hunc
887 994 1054 1029 Herculis
1075 994 1288 1039 transitum,
1308 1007 1329 1029 a
1346 993 1514 1041 plurimis

142 1055 381 1103 scriptoribus
414 1056 621 1100 laudatum,
646 1055 778 1090 sabulis
805 1055 1023 1090 adnumerat
1049 1055 1198 1100 Livius,
1217 1068 1288 1100 111,
1313 1053 1353 1101 5,
1377 1062 1412 1090 et
1437 1067 1514 1090 non

142 1117 338 1153 immerito.
359 1117 469 1153 Unde
493 1124 615 1152 tamen
642 1116 751 1151 Silius
777 1115 946 1160 Italicus,
969 1128 1038 1160 111,
1058 1115 1131 1164 496
1153 1129 1161 1150 :

374 1202 494 1234 Primus
512 1202 688 1245 inexpertas
703 1201 780 1234 adiit
796 1202 982 1245 Tyrinthius
998 1201 1102 1235 heros.

199 1296 322 1332 Saltus
346 1298 493 1333 Graius.
529 1297 599 1332 Vel
626 1297 745 1333 Graiae
769 1298 901 1345 Alpes,
928 1298 993 1332 ubi
1017 1298 1147 1343 hodie,
1171 1297 1277 1344 juxta
1307 1298 1519 1342 D’Anville,

146 1358 381 1406 geographiae
399 1358 533 1393 veteris
552 1359 759 1402 oraculum,
780 1365 850 1394 stat
871 1359 982 1394 Mons
999 1359 1147 1394 minoris
1168 1359 1299 1394 Sancti
1318 1360 1516 1403 Bernardi,

146 1420 327 1468 quidquid
350 1420 413 1456 alii
433 1420 540 1456 aliter
566 1421 736 1456 sentiant.

198 1480 390 1528 Patefecit.
418 1483 562 1529 Nempe
589 1489 693 1517 aceto
721 1482 816 1518 saxis
841 1482 984 1527 infuso3
1009 1483 1075 1519 sed
1096 1483 1172 1518 haec
1196 1494 1296 1518 mera
1323 1490 1377 1517 est
1398 1482 1519 1518 fabula

145 1544 306 1592 mythica
330 1551 513 1588 veterum,
536 1556 645 1591 quam
667 1544 758 1579 alibi
783 1544 988 1591 explicabo.

202 1606 285 1641 CAP.
307 1606 370 1640 IV.
393 1605 524 1640 Morbo
549 1604 715 1652 afficitur
736 1607 931 1640 oculorum.
956 1605 1102 1652 Alpinis
1125 1605 1325 1652 frigoribus
1350 1605 1522 1640 Anniba-

146 1667 220 1704 lem
251 1666 446 1714 elephante
479 1666 686 1711 invectum,
722 1667 869 1702 oculum
900 1666 1063 1702 amisisse
1097 1666 1247 1701 tradunt
1282 1667 1457 1715 Polybius
1482 1679 1523 1702 ac

144 1728 282 1764 Livius.
311 1727 408 1764 Hinc
433 1727 556 1775 lepide
582 1728 790 1771 Juvenalis,
812 1735 877 1763 sat.
902 1741 944 1772 x,
979 1726 1048 1773 157
1070 1741 1078 1762 ε

379 1815 408 1844 Ο
426 1812 526 1855 qualis
540 1811 650 1851 facies,
667 1819 697 1844 et
715 1813 799 1855 quali
819 1813 912 1855 digua
927 1813 1055 1852 tabella,

380 1870 484 1909 Quum
500 1869 601 1910 getula
620 1868 729 1900 ducem
745 1875 882 1911 portaret
900 1868 1002 1901 bellua
1016 1870 1147 1900 luscum!

185 1955 494 2003 Cn.V11.Reges.
503 1955 862 2003 Carthaginiensium
870 1957 989 2004 Reges
997 1958 1036 1992 C.
1044 1958 1172 2005 Nepos
1185 1959 1360 2007 appellat,
1369 1958 1526 2005 quosLi-

150 2016 229 2052 vius
243 2023 279 2051 et
293 2015 355 2050 alii
367 2023 502 2050 vocant
519 2015 680 2063 Suffetes
690 2043 703 2060 ,
719 2025 754 2052 et
767 2017 942 2064 singulari
958 2031 1113 2055 numero
1134 2020 1278 2067 Suffes,
1294 2021 1390 2055 -etzisz
1402 2021 1447 2054 In
1458 2020 1527 2055 hac

149 2090 241 2114 voce
263 2078 560 2125 interpretanda,
581 2091 689 2125 quam
718 2079 894 2126 punicam
916 2081 1134 2126 credebant,
1162 2094 1295 2129 parum
1320 2082 1392 2117 sibi
1417 2093 1528 2116 cons—

150 2140 303 2176 titerunt
321 2147 481 2184 veteres,
504 2147 540 2174 et
560 2147 642 2175 toto
667 2141 756 2175 caelo
784 2149 968 2186 errarunt3
992 2154 1108 2189 graeca
1128 2151 1182 2178 est
1210 2144 1307 2179 enim
1329 2156 1405 2178 vox
1431 2155 1530 2186 σ-υμ-

153 2199 265 2246 φῖιτης
285 2202 346 2236 vel
367 2198 586 2247 συμφὴτωρ,
605 2202 668 2249 qui
691 2202 854 2248 loquitur
875 2215 958 2237 cum
976 2205 1114 2249 altero,
1138 2205 1200 2252 qui
1222 2206 1320 2241 idem
1343 2206 1453 2241 sentit
1470 2207 1527 2241 vel

151 2262 311 2299 consulit
334 2275 376 2298 ac
394 2263 496 2297 alter.
517 2262 657 2297 Eadem
677 2269 731 2297 est
748 2262 862 2309 igitur
884 2263 1154 2311 significatione
1174 2278 1215 2301 ac
1234 2279 1309 2301 vox
1332 2268 1526 2310 Consules,

154 2324 217 2371 qui
235 2324 343 2359 simul
369 2324 526 2366 saliunt,
556 2330 596 2358 ut
617 2323 735 2367 Salii,
760 2324 891 2359 Martis
919 2325 1115 2360 duodecim
1142 2327 1369 2371 sacerdotes,
1402 2340 1423 2363 a
1451 2341 1530 2362 cum

154 2393 190 2422 et
204 2387 300 2422 salio
319 2386 522 2433 composita
530 2399 540 2430 ;
559 2386 650 2421 sicut
659 2388 826 2433 praesul,
848 2387 910 2434 qui
922 2400 1014 2434 proe
1035 2389 1115 2423 aliis
1135 2391 1244 2433 salit,
1266 2403 1285 2424 a
1297 2404 1387 2438 prce
1409 2398 1444 2425 et
1462 2404 1527 2425 sa-

155 2449 203 2483 lio
214 2461 228 2490 ;
253 2448 345 2482 sicut
367 2448 535 2490 antistes,
563 2448 625 2494 qui
652 2455 738 2483 ante
755 2448 846 2483 alios
865 2457 954 2492 stat,
984 2449 1031 2484 ab
1050 2458 1137 2485 ante
1161 2457 1196 2486 et
1213 2459 1270 2486 sto
1289 2465 1300 2485 .·
1322 2459 1357 2487 et
1384 2464 1423 2486 re
1445 2464 1531 2487 vera

154 2516 196 2544 ut
211 2509 262 2543 ait
279 2515 407 2544 noster
421 2522 429 2543 :
443 2525 458 2540 «
473 2515 515 2542 ut
533 2510 662 2544 Romae
681 2510 859 2545 Consules
870 2537 879 2554 ,
894 2509 944 2545 sic
957 2511 1179 2559 Carthagine
1204 2513 1402 2559 quotannis
1419 2513 1531 2549 annui

155 2570 236 2605 bini
263 2571 383 2618 Reges
410 2569 641 2605 creabantur.
670 2586 684 2601 »
707 2571 930 2619 Carthagine
956 2580 1061 2607 erant
1084 2573 1199 2621 igitur
1222 2573 1400 2621 Suffetes‚
1431 2574 1531 2622 quod

161 2632 284 2666 Romae
308 2630 492 2666 Consule&
