1859 3310
694 210 968 244 MlLTlAnEs
1480 228 1497 258 7

154 298 241 336 tate
263 309 271 335 ε
295 311 381 353 quo
409 294 570 336 lactum
598 302 680 347 est,
707 302 755 335 ut
787 291 883 351 plus
918 307 1046 350 quam
1089 289 1263 350 collegae
1294 290 1513 334 Miltiades

157 370 351 415 valuerit.
374 373 478 431 Ejus
506 373 620 414 enim
647 372 907 414 auctoritate
933 369 1107 429 impulsi
1135 369 1420 413 Athenienses
1443 385 1514 411 co-

153 451 245 509 pias
265 467 316 493 ex
340 450 445 492 urbe
469 450 731 505 eduxerunt,
750 449 932 509 locoque
954 449 1111 492 idoneo
1135 458 1275 492 castra
1296 448 1514 499 fecerunt3

153 528 306 572 deinde
334 539 507 588 postero
530 529 598 573 die
621 530 700 573 sub
724 530 885 572 montis
907 528 1143 582 radicibus,
1174 528 1265 571 acie
1290 544 1312 570 e
1337 528 1514 588 regione

152 609 380 662 instructa,
404 625 515 651 nova
536 617 647 663 arte,
670 610 712 651 vi
740 624 908 651 summa
942 607 1144 668 proelium
1177 607 1513 650 commiserunt:

154 702 340 746 namque
362 687 538 731 arbores
560 687 709 731 multis
731 686 837 731 locis
864 697 987 731 erant
1017 696 1178 743 stratae,
1202 687 1286 729 hoc
1314 684 1514 736 consilio,

154 775 200 808 ut
223 775 266 808 et
288 767 504 809 montium
525 776 776 828 tegerentur
796 765 1049 822 altitudine,
1074 775 1115 809 et
1141 765 1347 809 arborum
1372 773 1514 807 tractu

152 845 369 904 equitatus
394 846 584 889 hostium
613 845 917 906 impediretur,
951 861 1004 888 ne
1032 843 1315 888 multitudine
1345 842 1515 886 claude-

150 933 315 967 rentur.
344 926 486 981 Datis,
511 926 590 968 etsi
614 942 699 968 non
731 941 902 985 aequum
930 923 1074 968 locum
1111 922 1284 965 videbat
1320 923 1426 977 suis,
1455 931 1516 964 ta-

150 1019 248 1046 men
261 1037 272 1056 ,
291 1003 425 1047 fretus
446 1021 629 1047 numero
654 1005 878 1064 copiarum
898 1020 1098 1058 suarum,
1118 1001 1350 1061 confligere
1371 1002 1515 1060 cupie-

150 1083 241 1132 l)at;
264 1100 401 1143 eoque
423 1085 578 1144 magis,
603 1084 740 1144 quod,
766 1085 1018 1144 priusquam
1042 1082 1359 1126 Lacedaemonii
1379 1082 1514 1124 subsi-

151 1161 221 1205 dio
235 1164 452 1218 venirent,
467 1163 674 1207 dimicare
695 1162 801 1207 utile
819 1162 1125 1206 arbitrabatur.
1146 1164 1298 1221 Itaque
1318 1162 1363 1204 in
1382 1162 1514 1204 aciem

150 1241 343 1301 peditum
367 1253 562 1298 centum,
592 1244 786 1303 equitum
810 1242 959 1286 decem
986 1241 1122 1285 millia
1149 1241 1377 1302 produxit,
1401 1257 1514 1300 proe-

149 1319 342 1381 liumque
374 1323 591 1366 commisit
616 1340 625 1366 :
647 1324 690 1365 in
714 1339 801 1382 quo
830 1332 952 1365 tanto
979 1321 1075 1382 plus
1099 1322 1262 1364 virtute
1280 1319 1512 1363 valuerunt

149 1401 453 1459 Athenienses,
469 1412 518 1446 ut
536 1401 843 1462 decemplicem
858 1418 1090 1445 numerum
1106 1402 1297 1444 hostium
1312 1399 1514 1460 profliga-

149 1490 264 1534 rent3
283 1480 476 1541 adeoque
491 1491 839 1541 perterruerunt,
859 1491 907 1524 ut
924 1483 1063 1524 Persae
1077 1498 1164 1524 non
1180 1490 1338 1536 castra,
1358 1479 1431 1524 sed
1444 1496 1517 1523 na-

150 1576 220 1602 ves
246 1569 455 1619 peterent.
483 1561 585 1617 Qua
609 1578 754 1621 pugna
776 1560 884 1604 nihil
905 1561 1048 1605 adhuc
1071 1570 1136 1604 est
1158 1559 1370 1614 nobilius,
1397 1559 1512 1604 nulla

149 1639 262 1681 enim
289 1655 482 1698 unquam
507 1649 593 1683 tam
622 1641 779 1700 exigua
804 1657 957 1683 manus
981 1650 1122 1683 tantas
1144 1656 1247 1699 opes
1267 1642 1512 1699 prostravit.

212 1719 286 1761 VI.
311 1719 448 1778 Cujus
470 1720 679 1774 victoriae,
708 1736 797 1763 non
827 1719 1016 1763 alienum
1042 1719 1236 1773 videtur,
1260 1717 1387 1778 quale
1410 1735 1515 1778 prae-

151 1798 282 1839 mium
314 1797 503 1841 Miltiadi
526 1799 580 1842 sit
605 1799 838 1853 tributum,
865 1798 1019 1842 docere
1043 1815 1052 1842 :
1077 1815 1165 1859 quo
1194 1797 1363 1841 facilius
1388 1796 1510 1839 intel-

150 1874 222 1936 ligi
245 1878 381 1937 possit
407 1878 604 1923 eamdem
632 1880 828 1921 omnium
851 1879 1076 1921 civitatum
1100 1894 1190 1921 esse
1215 1886 1427 1920 naturam.
1450 1877 1507 1920 Ut

147 1958 261 2000 enim
298 1957 449 2018 populi
485 1960 621 2002 nostri
652 1959 839 2001 honores
874 1957 1095 2017 quondam
1132 1957 1310 2001 fuerunt
1347 1955 1433 1998 rari
1468 1964 1503 1997 et

149 2046 315 2094 tenues,
343 2037 399 2080 ob
435 2037 616 2097 eamque
650 2054 824 2081 causam
853 2037 1049 2098 gloriosi,
1074 2052 1192 2079 nunc
1217 2044 1363 2079 autem
1385 2033 1507 2077 effusi

147 2126 276 2176 atque
298 2117 500 2173 obsoleti3
523 2119 585 2162 sic
608 2117 713 2162 olim
737 2118 853 2178 apud
879 2117 1166 2161 Athenienses
1197 2116 1323 2160 fuisse
1350 2115 1509 2174 reperi-

148 2212 255 2239 mus.
269 2197 470 2257 Namque
489 2198 590 2241 huic,
604 2196 814 2253 Miltiadi,
831 2198 905 2257 qui
920 2197 1130 2252 Athenas,
1146 2205 1370 2253 totamque
1393 2195 1507 2237 Grae·

146 2277 256 2318 eiam
280 2275 502 2332 liberarat,
526 2276 623 2320 talis
656 2278 797 2321 honor
820 2277 1010 2320 tributus
1033 2286 1116 2331 est,
1132 2276 1174 2318 in
1198 2274 1392 2334 porticu,
1417 2289 1509 2332 quae

146 2354 302 2399 Poecile
325 2365 525 2411 vocatur,
550 2373 684 2416 quum
713 2373 858 2417 pugna
882 2356 1190 2416 depingeretur
1212 2353 1507 2407 Marathonia,

147 2445 195 2478 nt
216 2437 260 2478 in
285 2435 432 2479 decem
462 2446 697 2495 praetorum
726 2452 909 2478 numero
934 2436 1073 2494 prima
1099 2434 1190 2492 ejus
1215 2435 1357 2491 imago
1381 2448 1502 2491 pone-

148 2524 283 2570 retur,
299 2516 420 2574 isque
435 2516 684 2558 hortaretur
701 2514 877 2567 milites,
892 2513 1182 2574 proeliumque
1199 2512 1506 2554 committeret.

151 2594 265 2638 ldcm
291 2593 361 2637 ille
388 2594 592 2654 populus,
614 2604 892 2654 posteaquam
919 2593 1057 2652 majus
1080 2592 1309 2650 imperium
1328 2600 1388 2633 est
1413 2606 1505 2633 nac·-
