1859 3310
431 202 660 238 CORNELII
688 200 893 234 NEPOTIS
923 199 1174 233 CHABRIAS.
1427 197 1471 233 δι

118 287 329 342 discessit,
352 302 482 346 quam
512 294 646 328 totam
675 280 858 325 insulam
885 279 997 324 bello
1025 280 1290 336 devinceret3
1315 298 1398 341 qua
1425 300 1476 328 ex

117 382 163 409 re
196 365 478 409 Athenienses
508 377 708 422 magnam
745 359 925 420 gloriam
966 368 1065 402 sunt
1096 359 1253 418 adepti.
1294 361 1476 404 Interim

119 443 276 487 bellum
309 445 421 486 inter
451 440 673 501 AEgyptios
707 449 750 482 et
780 441 928 482 Persas
964 437 1198 481 conflatum
1236 447 1310 481 est.
1346 439 1476 484 Athe-

118 523 284 565 nienses
319 536 417 564 cum
453 521 687 563 Artaxerxe
723 517 971 560 societatem
1005 517 1246 573 habebant,
1277 517 1476 561 Lacedae-

120 601 251 645 monii
284 615 382 642 eum
412 597 653 658 AEgyptiis:
684 613 706 639 a
737 596 893 655 quibus
928 612 1106 656 magnas
1135 596 1299 656 praedas
1330 597 1478 657 Agesi-

117 679 232 733 laus,
262 694 336 720 rex
367 693 543 730 eorum,
573 675 768 719 faciebat.
801 675 851 718 Id
882 676 1053 718 intuens
1082 676 1310 730 Chabrias,
1339 693 1476 737 quum

117 760 160 802 in
193 774 237 801 re
271 756 389 800 nulla
419 754 620 816 Agesilao
654 755 846 809 cederet,
879 771 954 798 sua
987 764 1140 816 sponte
1176 772 1248 799 eos
1279 756 1475 818 adjutum

118 837 359 898 profectus,
397 835 606 896 AEgyptiae
641 833 763 878 classi
804 834 1000 894 praefuit,
1036 834 1305 894 pedestribus
1341 837 1477 896 copiis

113 916 348 978 Agesilaus.

176 997 251 1040 ΠΙ.
286 998 398 1040 Tum
418 996 605 1056 praefecti
627 995 738 1056 regis
757 995 911 1038 Persiae
933 992 1095 1054 legatos
1115 995 1327 1037 miserunt
1346 995 1479 1037 Athe·

118 1093 190 1119 nas
225 1085 444 1135 questum,
479 1074 595 1134 quod
628 1074 837 1117 Chabrias
870 1072 1098 1116 adversum
1134 1089 1279 1133 regem
1315 1072 1477 1116 belluni

117 1164 282 1214 gereret
300 1170 397 1197 euin
418 1153 640 1213 AEgyptiis.
664 1151 945 1196 Athenienses
965 1150 1077 1194 diem
1095 1161 1256 1194 certam
1281 1151 1479 1195 Chabriae

120 1233 464 1294 praestituerunt,
491 1248 621 1292 quam
648 1241 749 1274 ante
779 1230 956 1274 domum
989 1230 1070 1273 nisi
1101 1229 1298 1284 redisset,
1327 1230 1479 1290 capitis

117 1329 159 1356 se
179 1311 301 1355 illum
322 1311 601 1355 damnaturos
623 1309 949 1353 denuntiarunt.
971 1312 1063 1352 Hoc
1080 1308 1151 1352 ille
1171 1310 1326 1352 nuntio
1348 1310 1481 1353 Athe-

119 1407 193 1435 nas
220 1390 371 1446 rediit3
395 1406 534 1450 neque
562 1390 619 1432 ibi
643 1388 803 1432 diutius
821 1398 882 1432 est
907 1398 1119 1444 moratus,
1145 1405 1274 1448 quam
1301 1389 1382 1432 fuit
1407 1406 1481 1433 ne-

117 1487 242 1514 cesse.
272 1471 371 1514 Non
400 1470 514 1514 enim
543 1469 728 1512 libenter
754 1478 846 1511 erat
882 1477 980 1511 ante
1010 1466 1156 1511 oculos
1190 1468 1350 1511 civium
1383 1485 1480 1512 suo-

118 1567 214 1594 rum
231 1567 239 1593 :
261 1549 379 1610 quod
399 1559 442 1593 et
459 1549 628 1593 vivebat
648 1547 783 1603 laute,
804 1557 845 1590 et
867 1546 1119 1608 indulgebat
1138 1548 1216 1590 sibi
1239 1547 1480 1604 liberalius,

118 1646 247 1690 quam
274 1639 322 1673 ut
353 1629 556 1672 invidiam
592 1626 711 1687 vulgi
739 1636 883 1687 posset
911 1626 1112 1687 effugere.
1143 1628 1220 1669 Est
1249 1628 1364 1670 enim
1399 1627 1481 1672 hoc

117 1725 346 1753 commune
383 1708 537 1751 vitium
574 1707 619 1749 in
652 1706 819 1766 magnis
858 1705 1087 1765 liberisque
1123 1706 1396 1763 civitatibus,
1434 1717 1481 1751 ut

118 1788 281 1832 invidia
306 1785 452 1847 gloriae
480 1802 622 1829 comes
647 1786 725 1842 sit,
754 1794 795 1828 et
827 1783 1011 1828 libenter
1043 1784 1095 1828 de
1126 1786 1192 1832 his
1222 1785 1479 1843 detrahant,

118 1883 225 1927 quos
258 1867 446 1909 eminere
480 1865 656 1908 videant
690 1863 844 1908 altius:
874 1880 1014 1924 neque
1048 1865 1193 1907 animo
1221 1882 1342 1925 aequo
1377 1882 1482 1926 pau-

120 1963 240 2007 peres
273 1945 459 1990 alienam
493 1943 764 2005 opulentium
800 1945 1029 1987 intuuntur
1059 1944 1291 1987 fortunam.
1330 1947 1482 2005 Itaque

121 2026 353 2081 Chabrias,
390 2024 532 2085 quoad
570 2025 608 2068 ei
641 2022 823 2077 licebat,
858 2022 1094 2083 plurimum
1132 2024 1292 2067 aberat.
1330 2025 1482 2084 Neque

122 2123 222 2150 vero
248 2104 362 2148 solus
390 2104 461 2147 ille
493 2104 641 2147 aberat
669 2103 849 2148 Athenis
879 2102 1080 2158 libenter3
1108 2103 1181 2147 sed
1217 2121 1366 2147 omnes
1395 2104 1482 2147 fere

121 2187 337 2248 principes
358 2183 552 2227 fecerunt
576 2182 713 2226 idem:
738 2182 853 2242 quod
883 2191 1053 2226 tantum
1077 2199 1119 2226 se
1144 2183 1196 2225 ab
1220 2183 1382 2226 invidia
1406 2199 1484 2243 pu-

124 2264 270 2308 tabant
298 2263 490 2317 futuros,
519 2271 730 2321 quantum
763 2277 787 2304 a
818 2271 1050 2322 conspectu
1081 2278 1258 2305 suorum
1288 2264 1484 2305 recessis-

122 2351 226 2386 sent.
248 2341 402 2401 Itaque
423 2341 578 2384 Conon
607 2340 843 2400 plurimum
867 2342 1000 2400 Cypri
1025 2341 1151 2396 vixit,
1179 2341 1416 2400 Iphicrates
1440 2342 1482 2384 in

119 2421 329 2476 Thracia,
360 2420 611 2464 Timotheus
645 2420 798 2474 Lesbi,
826 2419 987 2463 Chares
1022 2420 1064 2461 in
1098 2420 1249 2479 Sigaeo.
1280 2420 1479 2463 Dissimi-

124 2499 171 2543 lis
190 2499 364 2559 quidem
386 2499 548 2543 Chares
568 2499 726 2541 horum
749 2507 787 2541 et
812 2498 933 2542 factis
951 2507 993 2541 et
1011 2498 1224 2554 moribus,
1245 2497 1319 2541 sed
1341 2508 1478 2542 tamen

125 2578 302 2623 Athenis
324 2589 364 2623 et
385 2580 623 2623 honoratus
648 2586 689 2622 et
711 2588 877 2639 potens.
