1859 3310
353 266 366 290 1
381 267 392 289 1
403 266 423 289 2
798 255 1030 290 CORNELII
1059 253 1267 288 NEPOTIS

349 337 569 382 moderate
598 336 719 393 tulit,
752 347 801 381 ut
825 354 964 397 neque
989 354 1088 381 eum
1117 345 1369 397 querentem
1395 335 1622 395 quisquam
1652 349 1727 377 au-

351 417 496 473 dierit,
523 433 661 476 neque
690 433 740 459 eo
767 416 910 459 minus
940 417 1118 477 privatis
1146 414 1415 476 publicisque
1441 414 1570 457 rebus
1597 413 1726 456 inter-

350 495 492 539 fuerit.
519 495 731 539 Veniebat
753 505 897 537 autem
923 495 966 537 in
991 495 1229 550 theatrum,
1251 511 1386 554 quum
1413 494 1472 536 ibi
1495 491 1727 536 concilium

352 573 504 636 populi
535 573 787 629 haberetur,
820 582 997 633 propter
1027 572 1317 617 valetudinem
1346 582 1493 617 vectus
1519 572 1728 632 jumentis

348 654 534 715 junctis,
559 663 688 713 atque
714 654 773 696 ita
798 652 850 696 de
875 651 1094 709 vehiculo,
1121 670 1216 713 quae
1246 653 1521 707 videbantur,
1545 652 1725 696 dicebat.

351 735 503 794 Neque
523 733 605 776 hoc
629 731 688 775 illi
712 733 941 792 quisquam
965 731 1184 775 tribuebat
1209 732 1419 792 superbiae
1445 749 1454 774 :
1481 730 1590 774 nihil
1615 731 1728 774 enim

353 829 547 872 unquam
577 828 717 871 neque
748 810 956 867 insolens,
990 827 1130 870 neque
1159 809 1421 871 gloriosum,
1451 827 1500 853 ex
1531 827 1605 854 ore
1637 810 1728 869 ejus

353 892 467 935 exiit.
494 891 583 948 Qui
608 890 803 950 quidem,
830 907 966 950 quum
992 906 1090 933 suas
1114 889 1262 933 laudes
1287 889 1456 932 audiret
1485 888 1729 950 praedicari,

354 987 579 1030 nunquam
614 968 731 1013 aliud
766 969 891 1025 dixit,
927 985 1057 1029 quam
1092 985 1135 1012 se
1166 969 1210 1012 in
1242 984 1291 1012 ea
1321 984 1368 1011 re
1401 968 1608 1011 maximas
1635 968 1730 1012 Diis

354 1051 512 1112 gratias
530 1066 656 1110 agere
675 1059 804 1109 atque
823 1049 998 1105 habere,
1017 1048 1155 1109 quod,
1176 1065 1312 1108 quum
1332 1046 1519 1092 Siciliam
1539 1062 1731 1090 recreare

356 1131 700 1184 constituissent,
721 1139 815 1172 tum
836 1145 878 1172 se
898 1129 1170 1190 potissimum
1196 1128 1349 1171 ducem
1369 1143 1459 1171 esse
1479 1125 1728 1170 voluissent.

356 1208 474 1255 Nihil
495 1210 609 1252 enim
629 1225 773 1252 rerum
799 1209 1090 1252 humanarum
1111 1208 1201 1251 sine
1224 1209 1421 1251 Deorum
1439 1207 1618 1250 numine
1642 1207 1729 1266 geri

354 1288 550 1349 putabat.
586 1290 738 1347 Itaque
771 1304 857 1331 suae
892 1287 1009 1331 domi
1046 1286 1250 1330 sacellum
1286 1285 1539 1344 αὖτοματίας
1574 1286 1731 1330 consti-

358 1377 518 1423 tuerat,
544 1367 674 1427 idque
700 1368 965 1411 sanctissime
989 1365 1169 1410 colebat.

418 1450 472 1492 V.
507 1447 575 1492 Ad
599 1448 712 1491 hanc
736 1447 924 1491 hominis
947 1445 1225 1490 excellentem
1250 1446 1489 1490 bonitatem
1516 1443 1731 1490 mirabiles

356 1536 629 1571 accesserunt
651 1543 788 1571 casus.
813 1527 925 1571 Nam
945 1524 1097 1588 proelia
1119 1526 1303 1569 maxima
1327 1524 1459 1569 natali
1480 1525 1547 1569 die
1572 1542 1650 1568 suo
1670 1525 1731 1569 fe-

357 1607 415 1651 eit
432 1607 595 1660 omnia3
614 1623 701 1667 quo
721 1606 883 1650 factum
903 1616 985 1662 est,
1001 1615 1051 1649 ut
1069 1605 1261 1665 ejusdem
1281 1604 1467 1649 natalem
1485 1604 1640 1648 festum
1658 1605 1733 1648 ha-

357 1687 477 1730 beret
497 1687 698 1730 universa
717 1685 872 1730 Sicilia.
897 1686 1008 1729 Huic
1028 1685 1204 1746 quidam
1224 1686 1487 1741 Lamestius,
1507 1685 1638 1728 homo
1658 1700 1733 1744 pe-

358 1765 502 1809 tulans
531 1776 573 1809 et
602 1766 819 1826 ingratus,
848 1765 1145 1809 vadimonium
1171 1781 1307 1825 quum
1337 1764 1463 1808 vellet
1493 1766 1734 1825 imponere,

358 1845 476 1905 quod
501 1862 600 1888 cum
629 1843 703 1888 illo
733 1862 775 1888 se
801 1843 892 1905 lege
924 1861 1049 1905 agere
1078 1844 1257 1901 diceret,
1288 1854 1331 1888 et
1361 1843 1604 1905 complures
1633 1860 1736 1887 con-

359 1925 617 1979 currissent,
649 1925 723 1984 qui
753 1925 1060 1985 procacitatem
1092 1924 1279 1968 hominis
1309 1924 1509 1967 manibus
1540 1939 1735 1967 coercere

359 2013 646 2059 conarentur3
684 2002 910 2047 Timoleon
948 2005 1088 2047 oravit
1122 2020 1295 2060 omnes,
1330 2020 1385 2046 ne
1420 2003 1464 2046 id
1497 2003 1686 2046 facerent
1722 2019 1732 2045 :

360 2098 546 2141 namque
578 2082 621 2125 id
646 2092 696 2125 ut
729 2083 948 2126 Lamestio
973 2084 1210 2142 ceterisque
1245 2082 1415 2139 liceret,
1451 2099 1494 2126 se
1528 2082 1736 2125 maximos

361 2159 528 2204 labores
557 2178 809 2222 summaque
834 2161 987 2205 adiisse
1020 2162 1230 2223 pericula3
1264 2163 1378 2205 hanc
1409 2162 1523 2205 enim
1552 2162 1736 2223 speciem

360 2239 569 2284 libertatis
595 2258 704 2297 esse,
732 2242 765 2285 si
794 2242 1015 2298 omnibus,
1043 2241 1160 2301 quod
1191 2242 1372 2302 quisque
1398 2240 1545 2298 vellet,
1571 2241 1736 2302 legibus

361 2321 545 2381 experiri
578 2319 735 2364 liceret.
773 2321 917 2378 Idem,
951 2338 1085 2381 quum
1120 2322 1296 2382 quidam
1326 2321 1530 2365 Lamestii
1565 2319 1736 2376 similis,

363 2400 537 2443 nomine
565 2402 861 2457 Demaenetus,
894 2402 938 2444 in
965 2402 1172 2445 concione
1198 2400 1349 2462 populi
1378 2401 1430 2445 de
1455 2401 1582 2444 rebus
1608 2400 1736 2460 gestis

363 2478 455 2538 ejus
481 2478 706 2523 detrahere
730 2481 947 2541 coepisset,
974 2497 1023 2524 ac
1054 2480 1266 2525 nonnulla
1290 2480 1565 2523 inveheretur
1590 2479 1633 2522 in
1662 2479 1735 2522 Ti-

365 2556 601 2614 moleonta,
631 2559 756 2615 dixit,
790 2576 908 2603 nunc
936 2560 1109 2604 demum
1137 2577 1180 2603 se
1211 2560 1298 2603 voti
1327 2575 1417 2602 esse
1449 2558 1700 2601 damnatum
1726 2575 1735 2601 ε

368 2652 551 2696 namque
586 2637 669 2682 hoc
699 2655 722 2681 a
753 2640 848 2682 Diis
877 2639 1192 2683 immortalibus
1220 2655 1388 2700 semper
1417 2648 1661 2700 precatum,
1691 2647 1740 2681 ut
