1859 3310
479 197 707 233 CORNELII
737 195 943 229 NEPOTI&
973 195 1250 229 PELOI’fflAs.
1503 195 1548 229 85

183 297 276 325 mas
301 289 537 342 potestates
563 278 789 333 dederant,
818 276 1081 336 alteriusque
1107 277 1305 321 factionis
1328 280 1549 337 principes

188 361 345 419 partim
361 358 678 410 interfecerant,
694 356 799 399 alios
814 358 856 399 in
871 355 1069 399 exsilium
1088 357 1318 415 ejecerant,
1334 357 1377 398 in
1393 358 1549 415 quibus

186 438 414 498 Pelopidas
438 437 527 492 hic,
550 436 602 479 de
621 452 707 495 quo
733 436 919 478 scribere
943 436 1082 478 exorsi
1107 452 1275 490 sumus,
1303 435 1450 495 pulsus
1473 451 1550 494 pa-

185 517 267 560 tria
291 516 475 559 carebat.

249 596 304 637 II.
342 594 398 637 Hi
428 610 576 638 omnes
609 594 697 638 fere
724 595 915 638 Athenas
946 611 988 637 se
1027 593 1319 647 contulerant,
1347 609 1435 636 non
1464 610 1552 652 quo

185 682 473 732 sequerentur
493 674 654 729 otium,
683 673 756 716 sed
781 683 847 728 ut,
870 690 1085 733 quemque
1109 690 1159 716 ex
1182 673 1381 732 proximo
1406 671 1548 714 locuni

185 752 274 795 fors
297 751 542 808 obtulisset,
562 769 612 795 eo
634 754 817 813 patriam
845 769 1100 813 recuperare
1119 754 1378 795 niterentur.
1401 754 1553 810 Itaque

187 847 327 889 quum
352 841 523 891 tempus
549 841 613 875 est
638 832 776 875 visum
803 833 862 875 rei
888 832 1107 892 gerendae,
1137 831 1426 874 communiter
1454 846 1552 873 cum

189 911 257 954 his
294 911 367 970 qui
404 911 564 954 Thebis
602 911 713 954 iden]
755 911 997 954 sentiebant
1031 910 1145 953 diem
1184 909 1464 970 delegerunt,
1501 909 1553 952 ad

188 990 390 1033 inimicos
428 990 734 1050 opprimendos
775 991 1080 1049 civitatemque
1123 988 1416 1044 liberandam,
1456 1004 1554 1031 euni

189 1084 277 1127 quo
316 1069 493 1111 maximi
532 1070 808 1129 magistratus
844 1068 971 1112 simul
1016 1077 1331 1111 consueverant
1374 1066 1554 1127 epulari.

187 1149 360 1207 Magnae
390 1164 500 1208 saepe
524 1164 592 1191 res
612 1164 701 1191 non
732 1149 790 1190 ita
818 1148 987 1208 magnis
1014 1148 1150 1207 copiis
1176 1157 1277 1190 sunt
1305 1156 1458 1207 gestae3
1484 1147 1555 1190 sed

189 1226 384 1285 profecto
412 1243 636 1286 nunquam
670 1228 722 1270 ab
750 1237 838 1270 tam
865 1228 984 1270 tenui
1010 1227 1132 1270 initio
1161 1236 1292 1270 tantae
1323 1243 1424 1287 opes
1457 1236 1558 1269 sunt

190 1304 442 1365 profligatae.
465 1307 579 1349 Nam
608 1305 837 1349 duodecim
860 1305 1171 1349 adolescentuli
1192 1306 1390 1349 coierunt
1416 1322 1466 1349 ex
1491 1305 1557 1349 his

191 1385 265 1444 qui
291 1384 440 1428 exsilio
467 1395 589 1429 erant
621 1385 814 1441 multati,
839 1402 973 1445 quum
989 1387 1167 1429 omnino
1187 1403 1273 1428 non
1298 1395 1438 1429 essent
1466 1402 1557 1427 am-

191 1463 304 1524 plius
334 1475 509 1507 centum
541 1466 614 1524 qui
640 1475 763 1508 tanto
792 1482 835 1508 se
859 1465 1063 1508 offerrent
1102 1464 1307 1524 periculo.
1339 1465 1436 1520 Qua
1460 1481 1560 1524 pau-

192 1543 320 1586 citate
346 1542 545 1602 perculsa
575 1553 638 1587 est
662 1544 1092 1587 Lacedaemoniorum
1119 1545 1324 1603 potentia.
1356 1544 1410 1586 Hi
1443 1545 1557 1586 enim

193 1638 279 1665 non
311 1622 446 1682 magis
479 1622 826 1665 adversariorum
861 1623 1058 1677 factioni,
1090 1639 1221 1682 quam
1256 1624 1479 1681 Spartanis
1509 1640 1559 1665 eo

193 1710 387 1761 tempore
421 1700 584 1744 bellum
617 1700 887 1755 intulerunt,
914 1702 987 1760 qui
1012 1701 1230 1761 principes
1266 1711 1390 1743 erant
1426 1702 1558 1743 totius

189 1780 394 1824 Graeciae:
415 1797 602 1840 quorum
626 1780 797 1840 imperii
813 1783 1030 1840 majestas,
1051 1796 1189 1839 neque
1209 1781 1269 1823 ita
1286 1779 1425 1822 multo
1446 1790 1558 1839 post,

191 1860 421 1903 Leuctrica
453 1876 619 1920 pugna,
648 1860 701 1902 ab
736 1859 818 1902 hoc
848 1860 972 1902 initio
1006 1858 1224 1918 perculsa,
1261 1859 1463 1902 concidit.
1492 1858 1558 1902 Illi

191 1939 325 1999 igitur
338 1937 567 1982 duodecim
579 1973 590 1995 ,
607 1954 793 1998 quorum
805 1948 896 1981 erat
911 1938 997 1981 dux
1012 1938 1258 1998 Pelopidas,
1275 1955 1409 1997 quum
1428 1939 1562 1982 Athe-

194 2018 259 2061 nis
284 2017 471 2061 interdiu
498 2019 685 2061 exissent
710 2028 759 2061 ut
783 2027 1110 2078 vesperascente
1134 2017 1241 2061 coelo
1264 2019 1434 2061 Thebas
1462 2035 1560 2078 pos-

192 2105 285 2140 sent
311 2098 556 2157 pervenire,
582 2114 679 2141 cum
704 2098 884 2140 canibus
904 2098 1111 2140 venaticis
1130 2098 1347 2154 exierunt,
1369 2099 1477 2141 retia
1500 2097 1562 2141 fe-

194 2185 356 2230 rentes,
385 2177 544 2219 vestitu
575 2177 760 2238 agresti,
785 2193 872 2236 quo
904 2177 1074 2220 minore
1099 2177 1343 2237 suspicione
1372 2177 1561 2220 facerent

195 2256 288 2298 iter.
317 2255 406 2310 Qui
429 2271 564 2314 quum
594 2264 787 2315 tempore
813 2256 906 2315 ipso
938 2271 1024 2315 quo
1056 2255 1312 2299 studuerant
1337 2257 1558 2315 pervenis-

194 2343 309 2390 sent,
337 2334 516 2377 domum
543 2334 757 2377 Charonis
783 2334 1070 2390 devenerunt,
1095 2351 1118 2378 a
1143 2351 1229 2393 quo
1259 2344 1301 2378 et
1327 2344 1496 2394 tempus
1521 2345 1563 2378 et

194 2415 285 2458 dies
313 2424 406 2457 erat
433 2414 572 2457 datus.

256 2496 335 2537 ΙΙΙ.
367 2497 460 2537 Hoc
489 2493 586 2537 loeo
615 2494 719 2538 libet
742 2496 1040 2556 interponere,
1064 2497 1142 2539 etsi
1165 2496 1409 2556 sejunctum
1436 2498 1488 2539 ab
1518 2514 1563 2540 re

197 2575 420 2635 proposita
442 2584 525 2630 cst,
544 2576 676 2618 nimia
701 2575 854 2619 fiducia
872 2586 1044 2635 quantae
1059 2575 1291 2619 calamitati
1307 2576 1439 2620 soleat
1460 2593 1561 2620 csse.
