1859 3310
306 195 374 230 182
652 197 861 232 JOANNIS
893 196 1040 230 HENR.
1075 194 1328 229 SCIILEGEL

302 279 594 323 Veronensium,
624 280 720 314 cives
752 292 836 314 suos
872 278 1040 313 Cornelio
1069 278 1224 325 Nepoti,
1256 284 1428 323 tanquam
1456 277 1581 323 patriae
1613 277 1678 310 de·-

299 339 396 382 cori,
425 340 520 374 inter
545 341 636 375 alios
665 341 822 375 illustres
849 341 1085 374 Veronenses
1110 338 1260 386 publica
1284 337 1500 373 auctoritate
1522 344 1674 372 statuam

299 400 476 446 posuisse.
504 402 616 445 Quod
643 402 692 435 ob
719 413 865 435 morum
887 401 997 435 etiam
1022 401 1247 447 probitatem
1276 400 1315 434 in
1336 411 1468 446 magna
1492 399 1676 433 existima—

299 461 400 496 tione
428 462 538 497 fuerit
566 462 771 504 Comelias,
804 461 992 508 egregium
1024 462 1182 496 habetur
1209 461 1327 496 Plinii
1354 460 1618 495 testimonium.
1643 462 1676 495 Is

299 523 415 565 enim,
434 530 473 556 ut
494 522 761 557 versiculorum
780 535 929 556 suorum
950 522 1145 557 liberiores
1163 523 1267 568 jocos
1286 524 1457 568 lususque
1475 529 1677 563 excusaret,

300 583 338 617 in
365 583 519 630 epistola
548 583 595 618 ad
621 583 849 626 Aristonem,
876 596 917 627 ν,
949 582 991 628 3,
1022 583 1242 618 clarissimos
1271 590 1461 618 enumerat
1489 583 1585 617 inter
1610 595 1676 617 ro—

299 656 428 678 manos
455 644 574 688 viros,
600 645 843 691 imperatores
870 644 997 688 etiam,
1025 645 1223 688 Caesarem,
1250 646 1479 691 Augustum,
1502 646 1677 687 Nervam,

299 705 428 740 eadem
464 705 615 740 licentia
649 718 758 749 usos,
793 712 828 740 et
860 706 910 740 ita
943 705 1064 752 pergit
1092 718 1099 739 z
1127 722 1140 735 «
1164 707 1350 740 Neronem
1383 706 1480 739 enim
1512 713 1678 748 transeo,

299 766 464 813 quamvis
488 766 617 810 sciam,
642 780 718 801 non
750 766 939 813 corrumpi
965 766 1004 800 in
1031 766 1212 807 deterius,
1236 779 1316 812 quae
1341 766 1543 812 aliquando
1571 767 1679 800 etiam

299 840 320 862 a
353 827 474 871 malis,
504 828 569 862 sed
601 828 758 863 honesta
785 840 953 871 manere,
980 840 1058 874 quae
1087 827 1218 873 saepius
1251 841 1270 859 a
1301 826 1410 861 bonis
1442 826 1545 861 fiunt.
1581 829 1680 862 Inter

299 902 394 935 quos
416 890 475 923 vel
495 890 680 936 praecipue
704 889 956 924 numerandus
981 896 1034 924 est
1052 891 1090 923 P.
1112 889 1311 935 Virgilius,
1330 889 1513 922 Cornelius
1535 888 1677 934 Nepos,

299 957 335 985 et
357 950 459 997 prius
472 951 615 985 Ennius
634 951 859 998 Acciusque;
877 964 955 986 non
973 951 1124 998 quidem
1146 950 1185 985 hi
1202 957 1407 993 senatores,
1421 949 1484 983 sed
1502 950 1680 983 sanctitas

299 1025 439 1046 morum
462 1025 540 1047 non
565 1012 676 1048 distat
705 1013 912 1048 ordinibus.
932 1028 946 1043 a>
974 1013 1119 1047 Vossius
1144 1011 1287 1056 asserit,
1313 1011 1528 1046 Cornelium
1553 1010 1681 1045 referri

299 1074 347 1108 ab
368 1074 587 1119 Hieronymo
608 1074 645 1109 in
667 1074 842 1109 Chronico
857 1075 1070 1109 Enseln'ano
1089 1074 1137 1109 ad
1155 1086 1294 1107 annum
1313 1072 1472 1120 Augusti
1494 1079 1679 1119 quartum.

300 1134 392 1170 Inde
418 1135 497 1170 sine
521 1136 639 1170 dubio
663 1136 885 1171 clarissimus
911 1137 952 1171 G.
985 1136 1021 1170 C.
1047 1135 1286 1182 Hambetger,
1314 1134 1377 1181 qui
1399 1134 1597 1181 scriptores
1616 1146 1680 1167 ve-

299 1196 386 1231 teris
406 1204 441 1231 et
459 1197 573 1231 medii
596 1198 665 1232 aevi
685 1198 801 1233 multa
823 1211 905 1232 cum
929 1196 1123 1243 diligentia
1141 1196 1342 1239 recensuit,
1364 1195 1537 1230 inductus
1560 1195 1681 1241 perhi-

301 1258 384 1301 bet,
411 1257 503 1292 alios
527 1259 692 1293 Cornelii
716 1267 875 1293 mortem
896 1259 942 1293 ad
962 1259 1145 1305 primum,
1169 1258 1260 1292 alios
1280 1257 1326 1291 ad
1346 1256 1569 1300 seeundum,
1590 1256 1681 1290 alios

302 1318 349 1353 ad
375 1327 545 1366 quartum
576 1320 732 1366 Augusti
768 1333 908 1355 aunum
941 1320 1089 1354 referre.
1122 1321 1207 1363 Qua
1241 1318 1458 1353 auctoritate
1492 1317 1682 1361 suffultus,

301 1380 438 1415 nescio.
464 1381 507 1416 Id
532 1381 666 1425 video,
688 1381 900 1428 ambiguam
922 1388 958 1415 et
982 1380 1135 1415 minime
1159 1379 1442 1415 convenientem
1463 1391 1539 1413 esse
1560 1379 1679 1413 ratio-

301 1454 405 1486 nem,
427 1455 544 1477 annos
566 1443 613 1478 ab
635 1443 792 1490 imperio
814 1442 969 1490 Augusti
994 1441 1258 1489 computandi,
1284 1440 1355 1474 nisi
1381 1440 1556 1474 terminus
1584 1439 1680 1474 defi-

301 1502 424 1538 niatur
459 1511 522 1539 aut
551 1517 572 1540 a
603 1504 856 1548 triumviratu,
886 1511 950 1539 aut
981 1516 1002 1539 a
1042 1515 1169 1551 pugna
1203 1502 1370 1545 Actiaca,
1404 1508 1467 1536 aut
1502 1514 1521 1536 a
1559 1501 1682 1536 delato

301 1565 457 1612 Augusti
484 1566 649 1601 nomine.
685 1566 886 1601 Clztom'con
929 1565 1180 1600 Eusebianum
1222 1576 1299 1598 non
1331 1570 1489 1598 mortem
1524 1562 1683 1598 auctoris

301 1626 420 1660 nostri
449 1627 608 1671 indicat,
633 1627 697 1662 sed
720 1634 866 1674 tempus
900 1639 976 1674 quo
1001 1626 1162 1662 maxime
1188 1624 1326 1660 floruit.
1354 1625 1414 1660 Sic
1444 1624 1542 1659 enim
1570 1624 1683 1659 verba

302 1695 439 1722 sonant
465 1701 473 1722 :
506 1689 729 1724 «Octaviani
755 1688 903 1736 imperii
926 1701 1026 1723 anno
1058 1694 1211 1735 quarto,
1242 1687 1453 1735 olympiade
1479 1685 1568 1731 185,
1590 1686 1682 1721 Cor—

301 1749 420 1783 nelius
440 1751 563 1798 Nepos
589 1751 748 1798 scriptor
770 1751 967 1785 historicus
992 1751 1111 1785 clarus
1136 1750 1305 1785 habetur.
1326 1765 1339 1779 υ
1364 1748 1485 1783 Credo
1512 1748 1683 1795 equidem

302 1810 348 1845 de
373 1811 534 1846 Cornelii
553 1819 673 1847 morte
703 1812 797 1847 nihil
823 1812 912 1847 certi
939 1810 1116 1847 affirmari
1138 1823 1264 1859 posse,
1287 1817 1322 1845 et
1347 1810 1433 1845 satis
1458 1822 1534 1844 esse
1556 1809 1683 1853 nobis,

303 1872 404 1918 quod
427 1873 534 1907 Mela
559 1880 595 1908 et
622 1874 765 1908 Plinius
786 1880 994 1908 memorant
1021 1886 1028 1907 :
1056 1889 1070 1904 ι(
1094 1873 1172 1908 Sub
1194 1872 1271 1907 divi
1294 1871 1448 1918 Augusti
1474 1871 1684 1918 principatu

303 1933 408 1969 obiit.
431 1949 447 1965 »
471 1934 514 1969 Id
540 1947 630 1969 vero
656 1935 793 1981 liquet,
818 1934 930 1969 fuisse
959 1934 1167 1969 Cornelium
1188 1934 1422 1981 superstitem
1451 1946 1550 1968 anno
1572 1933 1685 1968 Urbis

305 2006 392 2038 721,
415 1996 482 2030 Cn.
503 1995 670 2031 Domitio
693 2003 729 2031 et
752 1997 791 2031 C.
816 1995 924 2031 Sosio
945 1995 1177 2039 consulibus,
1197 1996 1262 2042 qui
1287 2002 1341 2030 est
1362 2008 1480 2029 annus
1504 2001 1588 2042 post
1611 1994 1683 2028 ini—

304 2061 382 2088 tum
408 2056 683 2091 triumviratum
711 2057 950 2100 undecimus,
977 2064 1012 2091 et
1037 2063 1122 2091 ante
1152 2069 1261 2091 aeram
1288 2064 1451 2091 nostram
1479 2056 1685 2102 trigesimus

304 2117 507 2161 secundus3
525 2130 570 2152 eo
590 2118 689 2152 enim
710 2129 809 2153 anno
832 2117 1062 2164 Pomponius
1081 2117 1220 2152 Atticus
1240 2118 1412 2162 decessit,
1432 2124 1466 2152 et
1492 2118 1685 2152 Cornelius

305 2177 388 2212 vitae
409 2178 486 2224 ejus
507 2179 626 2226 capita
652 2186 812 2226 quatuor
832 2178 1039 2226 posteriora
1063 2178 1208 2224 adjecit.

359 2241 463 2284 Quos
490 2242 663 2287 qualesve
689 2241 806 2276 libros
835 2241 1020 2275 Cornelius
1049 2240 1330 2287 conscripserit,
1355 2240 1489 2287 partim
1511 2241 1590 2288 ipse
1618 2254 1685 2276 nos

306 2301 416 2336 docet
436 2301 475 2336 in
494 2302 584 2337 locis
607 2303 832 2350 quibusdam
856 2315 985 2337 eorum
1005 2302 1069 2349 qui
1089 2302 1136 2336 ad
1154 2309 1299 2336 nostras
1318 2314 1520 2348 pervenere
1539 2314 1685 2346 manus,

307 2363 439 2410 partim
468 2364 578 2398 etiam
603 2377 622 2399 e
651 2364 890 2399 citationibus
920 2371 1086 2399 veterum
1118 2371 1271 2410 apparet
1300 2364 1385 2398 satis
1418 2364 1683 2410 frequentibus.

308 2424 382 2459 Has
400 2437 534 2472 magna
554 2425 747 2473 diligentia
766 2426 834 2460 sub
857 2426 1149 2473 fragmentorum
1168 2425 1320 2460 nomine
1340 2425 1488 2471 collegit
1515 2425 1685 2459 Andreas

312 2486 495 2535 Scholtus,
528 2487 806 2534 Antverpiensis
838 2486 1072 2522 doctissimus
1103 2500 1122 2521 e
1150 2487 1185 2521 S.
1213 2489 1266 2530 J.,
1291 2498 1399 2532 quam
1426 2486 1684 2519 collectionem

310 2546 446 2582 editam
463 2548 576 2584 video
595 2549 830 2583 Francofurti
847 2562 946 2583 anno
971 2548 1077 2583 1608.
1100 2548 1275 2583 Eamdem
1294 2547 1395 2581 auxit
1415 2553 1541 2592 postea
1561 2546 1685 2593 paucis

312 2608 346 2642 in
370 2609 458 2643 loeis
483 2610 517 2644 J.
543 2612 587 2644 A.
614 2611 763 2652 Bosius,
790 2611 978 2657 professor
1002 2609 1177 2653 lenensis,
1191 2621 1290 2643 anno
1318 2606 1423 2651 ¹657-
