1859 3310
308 277 381 314 9122
560 271 707 307 NOTAE
737 270 786 306 IN
817 269 855 304 C.
889 269 1097 305 NEPOTIS
1124 269 1434 306 FRAGMENTA.

521 401 568 428 IN
603 398 885 429 FRAGMENTA
914 398 1109 427 INCERTA
1138 398 1336 435 ΡΑΒΤῙΜ,
1372 399 1464 427 ETC.

357 503 542 539 Kalendis
557 502 707 536 martizlr.
728 501 872 546 Quibus
896 500 1132 536 Matronalia
1150 513 1216 537 seu
1238 510 1485 537 matronarum
1504 501 1592 538 festa
1612 514 1677 538 ce-

306 565 560 606 lebrabantur,
583 574 629 597 ex
652 562 778 605 Festo,
802 561 1014 608 Properti0‚
1039 560 1177 596 Ovidio
1196 568 1231 596 et
1253 562 1394 597 Servio.

360 625 509 661 Gallice.
534 622 690 666 Gallice,
706 634 784 657 non
807 622 949 657 Gallias.
968 621 1032 657 Uti
1051 622 1151 657 enim
1168 630 1310 658 constat
1333 636 1377 658 ex
1395 623 1582 660 Ciceronis
1597 637 1678 659 ora-

305 687 404 720 tione
422 697 494 733 pm
515 684 690 727 Imm-ena,
712 694 779 727 xx,
806 683 990 730 obtigerat
1008 682 1063 717 illi
1084 682 1202 718 Gallia
1222 683 1421 730 Cisalpina,
1437 686 1679 733 Transalpina

304 749 478 782 Murenae.
509 745 643 781 Incidit
675 750 798 780 autem
824 744 863 778 in
893 755 993 778 anno
1028 744 1129 778 urbis
1156 743 1250 791 690,
1279 745 1366 791 quia
1395 753 1531 793 praetor
1564 747 1680 782 fuerat

306 808 484 843 Cicerone
504 807 653 841 consule
664 832 674 850 ‚
690 817 790 840 anno
804 804 890 853 689.
906 805 1043 840 Consul
1057 804 1174 839 factus
1188 812 1241 840 est
1254 818 1354 840 anno
1369 806 1455 854 691.
1470 808 1678 843 Tzscnucx.

356 870 539 904 Boiorum.
565 868 610 902 In
627 878 760 914 magna
787 865 957 901 codicum
985 865 1235 900 inconstantia
1253 873 1289 901 et
1315 866 1526 902 diversitate
1544 868 1594 902 ita
1621 880 1681 903 re-

305 930 428 978 posuit
452 928 699 964 Tzschuckius
723 939 792 976 pro
817 927 1025 969 Boetorum,
1045 926 1085 960 id
1109 933 1163 961 est
1187 927 1420 962 Batavorum.
1449 928 1606 973 Plinius,
1631 942 1682 972 11,

306 991 372 1036 67,
391 991 487 1025 hanc
506 990 612 1025 Melae
639 990 695 1024 vel
714 987 869 1036 Nepotis
891 987 1144 1023 narrationem
1162 988 1314 1035 repetit,
1340 988 1525 1036 habetque
1551 989 1682 1025 Suevo-

305 1065 398 1096 rum,
421 1065 499 1100 quae
517 1051 608 1086 mihi
622 1050 769 1085 videtur
789 1049 931 1084 sincera
944 1048 1065 1084 lectio.
1086 1048 1255 1083 Lectioni
1277 1050 1462 1084 Boetorum
1480 1062 1543 1086 seu
1560 1052 1683 1085 Bata-

306 1127 426 1150 vorum
448 1114 570 1149 obstat
592 1112 695 1161 quod
712 1124 823 1147 nemo
842 1118 1009 1146 veterum
1036 1110 1103 1145 illo
1130 1117 1299 1158 ternpore
1321 1123 1447 1158 regem
1469 1112 1514 1147 iis
1539 1112 1683 1157 tribuit,

308 1175 460 1212 lectioni
477 1176 666 1217 Boiorum,
682 1173 784 1221 quod
801 1172 1065 1208 mediterranei
1081 1171 1241 1207 fuerunt.
1261 1172 1399 1207 Plinius
1418 1173 1531 1220 igitur
1546 1175 1684 1209 Melam

312 1237 494 1272 emendat.
521 1236 581 1271 Sic
611 1235 707 1270 infra
737 1246 876 1269 nomen
906 1234 1128 1278 Lathurum,
1157 1232 1197 1267 in
1225 1233 1398 1268 omnibus
1423 1235 1529 1269 Melae
1553 1247 1686 1270 manu-

306 1298 450 1345 scriptis
475 1297 576 1332 varie
603 1295 867 1339 deformatum,
894 1294 1086 1331 vindicant
1118 1301 1248 1329 nostro
1283 1295 1443 1339 Plinius,
1474 1308 1525 1340 11,
1558 1295 1626 1341 67,
1651 1304 1686 1332 et

305 1358 459 1402 Strabo,
483 1369 581 1392 xv11.
602 1356 707 1392 Adde
732 1355 837 1403 quod
860 1356 1047 1390 Boetorum
1071 1361 1107 1390 et
1134 1355 1329 1391 Sueuorum
1353 1355 1453 1391 idem
1471 1356 1518 1391 sit
1541 1357 1686 1393 littera-

308 1432 390 1455 rum
413 1431 596 1454 numerus.

358 1480 574 1516 Lathurum.
594 1479 833 1514 Ptolemaeum
851 1477 1068 1513 Lathurum.

359 1542 511 1577 Cernen.
525 1540 705 1576 Nonnulli
724 1540 942 1582 Maderam,
957 1539 1021 1575 alii
1044 1539 1254 1575 Gratiosam
1271 1538 1428 1575 insulam
1447 1550 1525 1574 esse
1543 1546 1685 1587 putant.

306 1604 385 1650 Ego
410 1615 501 1638 vero
526 1614 604 1637 non
632 1601 765 1637 dubito
791 1613 836 1636 ex
866 1600 1072 1646 d’Anville,
1099 1600 1334 1649 geographiae
1361 1600 1495 1636 veteris
1519 1603 1689 1646 oraculo,

306 1664 394 1711 quin
419 1664 494 1699 haec
528 1664 647 1699 insula
678 1663 794 1699 Cerne
821 1662 867 1698 sit
894 1674 937 1698 ea
964 1675 1076 1710 quam
1106 1662 1232 1698 Mauri
1261 1662 1356 1698 Ghir
1377 1669 1526 1707 vocant,
1547 1675 1688 1711 uosque

307 1724 381 1760 I’z‘le
398 1725 589 1774 d'Arguin.

361 1787 524 1821 Sudines.
547 1786 662 1821 Vetus
684 1785 842 1833 scriptor
863 1797 973 1832 quem
996 1784 1133 1833 passim
1151 1791 1331 1820 memorat
1356 1784 1507 1819 Plinius.

361 1848 575 1883 Germania.
599 1849 673 1882 Pro
695 1847 896 1883 Germania
914 1846 977 1882 alii
996 1847 1197 1882 Carmania
1218 1847 1366 1893 legunt,
1385 1853 1420 1881 et
1438 1847 1534 1881 hanc
1553 1846 1687 1882 lectio—

309 1921 393 1944 nem
415 1920 485 1956 ego
507 1921 655 1956 quoque
678 1909 858 1944 antefero.

358 1972 465 2018 Lupo
501 1978 536 2006 et
567 1971 705 2005 asellis.
732 1971 860 2017 Lupus
892 1970 953 2005 hic
990 1971 1195 2019 asellusque
1226 1969 1379 2005 nomina
1416 1976 1500 2004 sunt
1534 1969 1690 2017 piscium

308 2045 400 2080 quos
422 2032 531 2068 valde
556 2032 754 2067 laudarunt
775 2031 949 2067 Romani.

429 2147 476 2176 ΙΝ
502 2146 758 2175 EPISTOLAM
785 2145 1021 2174 CORNELIAE
1046 2146 1216 2173 MATRIS
1240 2145 1569 2174 GRACCHORUM.

361 2235 551 2271 Invocabis
570 2235 678 2270 deum
687 2241 897 2282 parentem.
920 2236 993 2270 Pro
1012 2235 1121 2269 deum
1132 2241 1332 2282 parentem
1349 2233 1441 2269 mihi
1467 2233 1613 2270 videtur
1631 2236 1688 2271 le-

307 2297 469 2346 gendum
486 2308 562 2332 esse
584 2297 696 2330 deam
707 2303 921 2343 parentem,
943 2296 1047 2343 quasi
1060 2295 1232 2331 Cornelia
1255 2296 1415 2331 duorum
1437 2297 1688 2332 Gracchorum

308 2366 447 2402 mater,
466 2364 505 2393 ut
531 2358 652 2393 Mater
676 2358 795 2392 Deum
821 2358 880 2392 vel
905 2358 983 2392 Dea
1006 2358 1144 2401 Mater,
1173 2364 1258 2404 post
1282 2364 1441 2393 mortem
1459 2370 1480 2393 a
1505 2357 1579 2392 suis
1605 2356 1689 2393 filiis

308 2419 466 2456 colenda
492 2418 628 2453 fuisset.
654 2419 783 2454 Manes
804 2419 904 2454 enim
924 2426 1121 2466 parentum
1147 2426 1252 2454 erant
1270 2420 1427 2467 paterni
1448 2427 1515 2454 aut
1535 2421 1691 2455 matemi

307 2483 376 2523 dii,
398 2493 443 2516 ex
459 2480 714 2527 Platouefleg.
728 2494 763 2523 v,
779 2492 819 2525 2,
838 2488 874 2515 et
892 2480 1087 2524 Cicerone,
1110 2481 1172 2527 qui
1194 2481 1233 2515 in
1252 2481 1519 2528 Xenophontis
1536 2480 1663 2528 Cyrop.
1676 2508 1686 2523 ‚

308 2555 405 2587 viu,
433 2553 473 2586 7,
493 2541 544 2576 sic
562 2541 672 2575 vertit
698 2542 811 2577 verba
838 2541 923 2589 Cyri
942 2541 1154 2586 morientis,
1179 2543 1237 2576 De
1262 2543 1422 2584 Seneca,
1452 2554 1498 2577 22
1519 2554 1530 2575 :
1556 2542 1615 2577 Sic
1631 2554 1689 2576 me

307 2603 454 2637 colitote
473 2609 514 2636 ut
535 2603 663 2636 Deum.

1077 2663 1275 2698 ELIGIUS
1300 2663 1606 2698 JOHANNEAU.
