1859 3310
343 200 390 245 46
788 202 1020 236 CORNELII
1050 201 1253 236 NEPOTIS

345 284 544 344 laumque
572 283 779 327 bellatum
817 284 1028 327 misissent
1057 284 1100 326 in
1129 284 1292 337 Asiam;
1321 282 1505 325 maxime
1533 278 1705 341 impulsi

345 381 366 407 a
396 364 697 424 Tissapherne,
723 363 797 422 qui
823 380 873 406 ex
900 363 1063 406 intimis
1093 363 1204 423 regis
1234 362 1287 404 ab
1313 361 1498 404 amicitia
1522 360 1611 419 ejus
1636 358 1708 402 de-

347 442 528 498 fecerat,
555 452 595 485 et
618 458 717 485 cum
746 441 1081 484 Lacedaemoniis
1106 442 1264 484 coierat
1288 441 1531 484 societatem
1556 458 1564 482 z
1594 439 1710 482 hunc

348 522 552 566 adversus
575 520 879 564 Pharnabazus
905 520 1077 563 habitus
1101 530 1166 563 est
1189 521 1441 581 imperat0r3
1466 536 1510 562 re
1537 518 1712 579 quidem

349 617 448 644 vcra
481 600 682 643 exercitui
719 598 889 657 praefuit
923 600 1102 654 Conon,
1140 600 1316 659 ejusque
1356 600 1500 642 omnia
1535 597 1713 641 arbitrio

351 690 463 742 gesta
494 688 605 723 sunt.
634 679 715 721 Hic
738 677 923 721 multum
951 663 1104 722 ducem
1127 695 1345 722 summum
1367 677 1614 737 Agesilaum
1642 678 1717 721 im-

353 758 532 819 pedivit,
559 773 755 818 saepeque
783 757 873 816 ejus
902 756 1090 800 consiliis
1116 757 1291 800 obstitit.
1317 758 1469 817 Neque
1501 774 1602 800 vero
1629 773 1716 800 non

353 838 436 881 fuit
453 846 650 897 apertum
663 872 674 891 ,
693 837 727 880 si
745 836 814 879 ille
832 853 919 879 non
936 836 1104 891 fuisset,
1124 836 1374 897 Agesilaum
1392 837 1559 892 Asiam,
1577 840 1720 881 Tauro

355 927 501 973 tenus,
526 916 617 977 regi
641 914 771 959 fuisse
797 924 1059 975 erepturum.
1081 916 1170 971 Qui
1192 925 1470 976 posteaquam
1495 915 1671 959 domum
1698 932 1722 958 a

355 997 442 1041 suis
469 995 634 1040 civibus
665 1004 887 1038 revocatus
920 1004 1005 1049 est,
1039 994 1156 1055 quod
1188 996 1334 1039 Baeotii
1366 1004 1408 1038 et
1440 995 1724 1039 Athenienses

356 1075 692 1121 Lacedaemoniis
730 1073 892 1118 bellum
928 1074 1193 1129 indixerant,
1230 1076 1383 1119 Conon
1420 1074 1557 1119 nihilo
1588 1075 1725 1119 secius

357 1156 474 1218 apud
502 1155 723 1216 praefectos
752 1154 862 1214 regis
892 1154 1156 1207 versabatur,
1183 1155 1335 1215 hisque
1363 1155 1563 1198 omnibus
1589 1155 1726 1198 maxi-

359 1253 430 1280 mo
456 1245 546 1280 erat
573 1236 682 1279 usui.

423 1316 502 1358 III.
537 1313 763 1358 Defecerat
790 1330 813 1357 a
837 1331 935 1375 rege
959 1313 1285 1376 Tissaphernes,
1310 1331 1449 1374 neque
1473 1314 1515 1358 id
1541 1324 1628 1358 tam
1653 1317 1731 1359 Ar-

362 1394 524 1438 taxerxi
555 1411 685 1454 quam
716 1395 892 1450 ceteris,
928 1404 1018 1438 erat
1054 1404 1267 1455 apertum.
1298 1394 1448 1438 Multis
1485 1397 1599 1438 enim
1637 1412 1728 1438 ma-

365 1476 545 1535 gnisque
575 1475 738 1518 meritis
762 1474 878 1535 apud
903 1490 1066 1535 regem,
1093 1474 1222 1517 etiam
1248 1490 1385 1534 quum
1410 1475 1452 1517 in
1479 1474 1620 1518 officio
1644 1491 1731 1518 non

364 1563 576 1607 maneret,
604 1553 787 1597 valebat.
816 1555 968 1613 Neque
992 1552 1036 1596 id
1064 1553 1331 1610 mirandum,
1359 1554 1394 1597 si
1419 1570 1506 1597 non
1535 1553 1657 1598 facile
1681 1555 1735 1598 ad

366 1633 628 1678 credendum
658 1632 969 1689 adducebatur,
999 1634 1277 1676 reminiscens
1302 1634 1392 1693 ejus
1419 1650 1462 1677 se
1491 1650 1621 1695 opera
1649 1636 1733 1694 Cy-

367 1730 464 1757 rum
489 1713 666 1757 fratrem
692 1729 926 1774 superasse.
954 1715 1095 1773 HuJus
1121 1713 1349 1757 accusandi
1375 1714 1511 1775 gratia
1535 1716 1687 1758 Conon
1713 1731 1737 1757 a

368 1793 649 1837 Pharnabazo
683 1791 737 1835 ad
769 1809 911 1853 regem
940 1793 1120 1847 missus,
1156 1803 1434 1853 posteaquam
1470 1794 1613 1849 venit,
1647 1794 1737 1854 pri-

371 1889 509 1928 mum,
529 1889 579 1915 ex
596 1888 716 1915 more
734 1874 983 1928 Persarum,
1003 1871 1056 1915 ad
1078 1872 1385 1928 chiliarchum,
1405 1873 1479 1933 qui
1500 1872 1738 1917 secundum

371 1953 551 2013 gradum
577 1953 747 2013 imperii
773 1952 962 2006 tenebat,
987 1952 1266 1995 Tithrausten
1295 1953 1491 2007 accessit,
1520 1969 1649 2013 seque
1673 1970 1740 1997 os-

371 2032 507 2076 tendit
530 2048 629 2075 cum
653 2048 753 2092 rege
779 2030 966 2091 colloqui
992 2030 1113 2074 velle.
1140 2033 1280 2076 Nemo
1306 2033 1420 2075 enim
1444 2033 1534 2075 sine
1556 2031 1637 2076 hoc
1663 2032 1739 2076 ad-

372 2113 567 2156 mittitur.
596 2113 707 2155 Huic
736 2111 806 2154 ille
834 2112 976 2171 inquit
1002 2128 1010 2154 :
1041 2111 1207 2155 «Nulla
1234 2128 1355 2155 mora
1380 2122 1463 2164 est;
1493 2112 1565 2155 sed
1596 2122 1641 2156 tu
1671 2113 1743 2156 de-

375 2192 526 2244 libera,
553 2202 700 2235 utrum
726 2191 913 2251 colloqui
940 2190 1082 2245 malis,
1110 2208 1164 2235 an
1188 2208 1265 2252 per
1289 2191 1452 2236 litteras
1478 2208 1622 2253 agere,
1648 2209 1742 2253 quae

375 2273 548 2333 cogitas.
576 2273 758 2316 Necesse
783 2281 845 2315 est
869 2272 1004 2322 enim,
1031 2273 1065 2314 si
1090 2272 1132 2314 in
1158 2281 1435 2332 conspectum
1461 2272 1647 2327 veneris,
1672 2289 1742 2315 ve-

379 2353 518 2396 nerari
539 2361 579 2395 te
601 2368 757 2412 regem.
780 2351 938 2413 (Quod
958 2359 1182 2409 προσκυνεῖν
1204 2351 1264 2394 illi
1284 2352 1476 2411 vocant.)
1496 2354 1590 2395 Hoc
1610 2353 1645 2395 si
1665 2352 1743 2395 tibi

378 2448 506 2493 grave
529 2441 612 2485 est,
639 2448 716 2492 per
734 2448 802 2475 me
828 2430 964 2475 nihilo
986 2432 1121 2475 secius
1145 2431 1268 2475 editis
1292 2430 1504 2474 mandatis
1524 2431 1742 2484 conficies,

379 2511 494 2570 quod
516 2511 711 2554 studes.»
731 2513 840 2554 Tum
862 2514 1016 2554 Conon
1040 2527 1047 2553 :
1076 2512 1353 2565 «Enimvero,
1379 2511 1539 2569 inquit,
1566 2527 1653 2553 non
1680 2522 1743 2554 est

380 2606 507 2650 grave
532 2591 724 2649 quemvis
754 2590 963 2633 honorem
993 2589 1149 2633 habere
1177 2590 1285 2649 regi3
1312 2589 1381 2632 sed
1412 2606 1580 2645 vereor,
1614 2606 1665 2633 ne
1690 2591 1743 2633 ci-
