1859 3310
704 229 941 263 DATAMES.
1455 245 1471 256 ’⁷
1485 245 1493 266 ι

149 313 397 372 Magnetem
420 311 624 356 exercitui
646 310 857 370 praefecit;
877 311 968 371 ipse
988 327 1085 354 cum
1109 312 1193 354 suis
1217 311 1259 353 in
1284 314 1504 371 Cappado-

147 389 258 433 ciam
281 389 484 446 discedit,
511 389 871 449 conjunctamque
895 389 996 432 huic
1019 388 1356 450 Paphlagoniam
1380 405 1505 434 occu-

147 477 238 528 pat,
271 467 411 512 celans
454 483 538 527 qua
580 466 802 511 voluntate
841 477 950 511 esset
984 468 1027 510 in
1066 484 1230 529 regem3
1265 466 1375 511 clam
1406 484 1504 511 cum

148 546 433 591 Ariobarzane
467 546 568 589 facit
601 547 863 602 amicitiam,
895 563 1070 590 manum
1103 556 1348 609 comparat,
1378 546 1505 590 urbes

147 624 334 667 munitas
357 624 443 667 suis
469 623 649 668 tuendas
673 624 817 667 tradit.

208 704 284 747 VI.
320 702 404 747 Sed
430 703 519 746 haec
541 712 718 763 propter
739 702 921 746 hiemale
944 713 1113 763 tempus
1141 705 1280 747 minus
1304 720 1506 764 prospere

144 781 446 842 procedebant.
474 782 608 826 Audit
635 782 798 826 Pisidas
826 782 1032 842 quasdam
1060 783 1203 843 copias
1232 782 1434 826 adversus
1461 799 1504 826 se

143 876 309 921 parare.
336 860 495 905 Filium
518 878 569 905 eo
594 861 834 906 Arsidaeum
860 879 957 905 cum
982 863 1170 906 exercitu
1198 862 1361 906 mittit:
1391 861 1504 905 cadit

143 940 188 982 in
210 938 362 999 proelio
381 939 640 984 adolescens.
664 940 956 984 proficiscitur
978 957 1028 984 eo
1051 950 1193 1000 pater,
1218 957 1304 984 non
1328 941 1386 983 ita
1407 957 1505 984 cum

144 1035 300 1079 magna
329 1035 484 1073 manu,
516 1019 657 1062 celans
688 1030 897 1078 quantum
929 1018 1084 1062 vulnus
1110 1020 1364 1079 accepisset;
1390 1019 1505 1079 quod

143 1098 262 1156 prius
293 1097 347 1140 ad
380 1098 548 1140 hostem
580 1099 804 1157 pervenire
834 1098 1055 1158 cupiebat,
1085 1114 1214 1157 quam
1243 1097 1295 1141 de
1322 1114 1367 1141 re
1394 1097 1506 1141 male

142 1185 259 1236 gesta
286 1174 398 1219 fama
426 1175 480 1218 ad
507 1192 605 1219 suos
628 1177 899 1236 perveniret,
928 1193 1006 1232 ne,
1036 1177 1209 1236 cognita
1236 1175 1313 1219 filii
1339 1185 1503 1234 morte,

141 1254 273 1298 animi
305 1253 633 1298 debilitarentur
664 1253 865 1298 militum.
896 1256 995 1312 Quo
1025 1255 1326 1310 contenderat,
1357 1272 1506 1316 perve-

141 1334 226 1389 nit;
251 1333 402 1395 hisque
425 1332 530 1377 locis
554 1343 693 1377 castra
716 1335 858 1394 ponit,
882 1343 929 1377 ut
954 1351 1094 1394 neque
1116 1335 1336 1379 circumiri
1359 1335 1505 1378 multi-

141 1412 292 1456 tudine
313 1413 659 1457 adversariorum
678 1423 842 1473 posset,
867 1431 1007 1474 neque
1030 1415 1250 1475 impediri,
1273 1415 1504 1474 quominus

140 1491 194 1535 ad
216 1491 511 1536 dimicandum
534 1509 713 1536 manum
732 1493 910 1536 haberet
929 1493 1184 1554 expeditam.
1212 1496 1315 1538 Erat
1336 1511 1434 1538 cum
1455 1511 1504 1537 eo

140 1571 536 1627 Mithrobarzanes,
565 1589 686 1616 socer
715 1574 827 1633 ejus,
855 1573 1079 1632 praefectus
1107 1574 1301 1634 equitum
1323 1590 1332 1616 :
1358 1574 1411 1627 is,
1431 1572 1504 1616 de·

140 1651 322 1709 speratis
348 1652 494 1711 generi
520 1651 670 1706 rebus,
700 1651 754 1693 ad
776 1651 919 1694 hostes
949 1652 1192 1712 transfugit.
1226 1652 1276 1695 Id
1301 1654 1504 1697 Datames

138 1737 186 1772 ut
213 1728 397 1784 audivit,
425 1730 577 1784 sensit,
605 1731 640 1773 si
668 1731 711 1772 in
736 1731 908 1774 turbam
933 1732 1087 1774 exisset
1121 1731 1175 1773 ab
1214 1731 1390 1774 homine
1417 1741 1504 1774 tam

140 1809 381 1852 necessario
404 1825 448 1852 se
473 1808 694 1865 relictum,
718 1809 935 1865 futurum,
960 1819 1008 1853 ut
1032 1811 1162 1853 ceteri
1185 1807 1413 1853 consilium
1443 1826 1506 1853 se-

139 1897 390 1946 querentur.
419 1889 470 1931 In
493 1887 649 1948 vulgus
674 1889 760 1931 edit
780 1906 788 1931 z
815 1907 835 1928 α
860 1890 946 1931 Suo
960 1890 1082 1948 jussu
1105 1889 1502 1932 Mithrobarzanem

138 1965 381 2025 profectum
404 1982 484 2027 pro
505 1967 702 2027 perfuga,
726 1983 812 2026 quo
834 1966 1000 2010 facilius
1023 1977 1219 2027 receptus
1241 1967 1503 2010 interficeret

139 2044 309 2088 hostes:
334 2061 467 2105 quare
485 2043 675 2106 relinqui
692 2062 789 2089 eum
811 2062 898 2089 non
919 2062 997 2105 par
1016 2062 1124 2100 esse,
1142 2045 1215 2089 sed
1231 2062 1379 2089 omnes
1398 2062 1502 2090 con-

138 2123 279 2167 festim
295 2125 429 2184 sequi.
459 2124 592 2182 Quod
613 2125 647 2167 si
670 2125 815 2167 animo
839 2134 1016 2167 strenuo
1039 2124 1256 2179 fecissent,
1283 2124 1476 2168 futurum
1492 2158 1502 2177 ,

140 2212 189 2245 ut
205 2201 439 2246 adversarii
458 2219 546 2246 non
566 2213 738 2263 possent
756 2204 974 2258 resistere,
995 2220 1129 2262 quum
1147 2212 1190 2246 et
1207 2204 1319 2246 intra
1342 2202 1501 2246 vallum

138 2291 179 2325 et
203 2282 304 2325 soris
329 2282 648 2326 caederentur.»
670 2285 760 2326 Hac
783 2300 829 2325 re
853 2283 1055 2342 probata,
1079 2284 1313 2326 exercitum
1340 2283 1502 2336 educit,

139 2362 537 2406 Mithrobarzanem
560 2362 853 2421 persequitur:
871 2363 946 2420 qui
967 2371 1133 2404 tantum
1154 2361 1269 2421 quod
1290 2361 1342 2404 ad
1360 2362 1503 2405 hostes

140 2450 414 2500 pervenerat,
435 2442 641 2484 Datames
661 2441 782 2501 signa
805 2440 953 2483 inferri
972 2440 1107 2500 jubet.
1128 2439 1301 2494 Pisidae,
1322 2456 1434 2483 nova
1457 2457 1503 2484 re

140 2520 366 2573 commoti,
392 2519 435 2562 in
463 2520 714 2579 opinionem
740 2518 1036 2574 adducuntur,
1060 2518 1260 2579 perfugas
1285 2518 1396 2562 mala
1419 2518 1500 2562 fide

140 2599 486 2659 compositosque
506 2598 671 2653 fecisse,
694 2609 763 2651 ut,
788 2599 970 2658 recepti,
993 2609 1131 2643 essent
1154 2599 1307 2659 majori
1331 2598 1496 2642 calami-
