1859 3310
338 231 385 267 80
790 231 1016 266 CORNELII
1045 229 1076 263 N
1081 227 1250 262 EPOTIS

338 316 443 359 riam
469 316 687 359 videretur
712 322 993 365 consecutus3
1012 320 1056 353 at
1079 308 1174 353 ille:
1195 309 1409 362 «Desine,
1434 307 1700 367 inquit‚Me-

339 395 524 449 neclida,
556 395 607 437 de
633 409 765 437 uxore
789 391 895 435 mihi
922 390 1209 450 exprobrare3
1235 404 1336 433 nam
1363 385 1524 431 nullius
1550 387 1594 430 in
1620 386 1700 430 ista

339 491 384 517 re
412 474 553 517 minus
586 473 648 515 uti
677 468 857 513 consilio
888 467 1003 512 volo.
1032 468 1261 528 (Habebat
1292 467 1408 510 enim
1437 462 1702 509 Meneclides

339 553 625 611 suspicionem
649 545 898 608 adulterii.)
925 546 1057 603 Quod
1083 556 1227 590 autem
1246 562 1313 589 me
1333 547 1703 606 Agamemnonem

337 628 529 674 aemulari
554 638 697 688 putas,
724 626 882 670 falleris
903 643 911 670 :
935 642 1122 687 namque
1146 625 1216 669 ille
1240 642 1339 669 cum
1367 625 1565 668 universa
1582 624 1703 667 Grae-

339 709 403 752 cia
428 709 498 750 vix
525 707 673 750 decem
704 706 829 749 annis
860 721 991 748 unam
1014 705 1128 765 cepit
1153 705 1305 748 urbem
1322 721 1333 759 ;
1353 720 1433 765 ego
1456 712 1609 747 contra
1635 718 1704 746 ea.

340 803 425 830 una
455 786 561 829 urbe
588 794 756 840 nostra,
787 783 941 845 dieque
966 800 1072 839 uno,
1097 792 1232 827 totam
1263 784 1493 838 Graeciam,
1510 781 1705 826 Lacedae-

339 866 494 909 moniis
519 865 697 925 fugatis,
721 864 951 909 liberavi.»

400 947 476 988 VI.
497 944 618 988 Idem
641 961 777 1005 quum
799 945 842 987 in
870 952 1136 988 conventum
1164 943 1354 986 venisset
1375 940 1616 996 Arcadum,
1634 955 1706 1000 pe-

340 1034 454 1078 tens,
482 1033 532 1067 ut
559 1024 811 1068 societatem
844 1040 942 1067 cum
970 1023 1187 1066 Thebanis
1218 1032 1261 1065 et
1288 1021 1460 1082 Argivis
1488 1019 1706 1073 facerent;

338 1113 575 1164 contraque
607 1102 900 1158 Callistratus,
934 1102 1263 1147 Atheniensium
1301 1100 1485 1161 legatus,
1517 1099 1590 1159 qui
1618 1096 1706 1141 elo-

339 1184 512 1241 quentia
534 1199 682 1226 omnes
705 1200 755 1226 eo
779 1182 1006 1243 praestabat
1027 1191 1246 1243 tempore,
1272 1179 1532 1241 postularet,
1557 1188 1607 1221 ut
1629 1194 1707 1238 po-

342 1263 425 1304 tius
465 1263 697 1305 amicitiam
735 1271 1020 1321 sequerentur
1053 1262 1328 1316 Atticorum3
1360 1270 1402 1303 et
1432 1260 1475 1302 in
1511 1258 1706 1302 oratione

340 1357 415 1384 sua
442 1340 578 1384 multa
604 1342 798 1384 invectus
822 1350 933 1384 esset
952 1341 996 1384 in
1023 1340 1250 1384 Thebanos
1275 1349 1318 1383 et
1341 1340 1544 1400 Argivos,
1563 1339 1607 1381 in
1627 1338 1704 1380 eis-

340 1436 423 1479 que
442 1420 525 1463 hoc
544 1421 777 1480 posuisset,
796 1440 816 1461 «
832 1419 1190 1464 Animadvertere
1205 1419 1360 1463 debere
1374 1417 1563 1463 Arcadas
1575 1451 1587 1475 ,
1601 1433 1705 1477 qua-

345 1499 403 1542 les
426 1509 609 1559 utraque
636 1501 785 1544 civitas
807 1501 921 1543 cives
948 1508 1237 1560 procreasset,
1263 1515 1315 1542 ex
1339 1498 1494 1559 quibus
1518 1497 1569 1540 de
1591 1507 1707 1541 cete·

340 1580 397 1622 ris
433 1589 609 1639 possent
643 1579 851 1640 judicare.
886 1581 1071 1639 Argivos
1112 1580 1227 1622 enim
1261 1578 1391 1622 fuisse
1430 1579 1629 1622 Orestem
1666 1587 1709 1620 ct

343 1657 631 1702 Alcmaeonem
670 1658 946 1713 matricida53
971 1658 1130 1702 Thebis
1165 1657 1388 1717 OEdipum
1417 1664 1588 1712 natum,
1612 1657 1707 1716 qui,

340 1755 475 1798 quum
500 1749 668 1799 patrem
693 1755 818 1781 suum
841 1737 1123 1782 interfecisset
1144 1772 1154 1793 ,
1180 1754 1232 1780 ex
1258 1747 1396 1780 matre
1424 1736 1580 1780 liberos
1608 1753 1708 1796 pro-

339 1828 548 1873 creasset;
566 1837 586 1858 »
611 1818 681 1861 hic
714 1819 758 1860 in
793 1817 1098 1877 respondendo
1127 1817 1470 1877 Epaminondas,
1489 1832 1626 1876 quum
1657 1816 1708 1859 de

339 1898 488 1941 ceteris
507 1906 745 1957 perorasset
764 1931 774 1953 ,
796 1906 1025 1958 postquam
1044 1896 1098 1939 ad
1119 1895 1190 1939 illa
1208 1896 1294 1939 duo
1316 1896 1550 1956 opprobria
1566 1911 1709 1956 perve-

341 1977 406 2019 nit
429 1994 437 2019 :
465 1996 485 2017 <c
502 1976 722 2020 Admirari
746 1992 809 2030 sc,
833 1975 963 2031 dixit,
988 1975 1216 2019 stultitiam
1245 1976 1430 2018 rhetoris
1459 1975 1610 2031 Attici,
1635 1976 1707 2034 qui

341 2072 428 2098 non
451 2055 808 2098 animadverterit
830 2055 1080 2098 innocentes
1106 2054 1200 2098 illos
1223 2064 1347 2098 natos
1363 2088 1374 2108 ,
1403 2054 1516 2097 domi
1550 2052 1708 2097 scelere

339 2135 545 2191 admisso,
576 2150 712 2194 quum
747 2135 886 2193 patria
922 2144 1064 2178 essent
1089 2133 1273 2194 expulsi,
1299 2144 1496 2193 receptos
1532 2150 1623 2176 esse
1654 2133 1707 2176 ab

340 2214 715 2258 Atheniensibus.»
733 2213 816 2257 Sed
837 2215 1021 2257 maxime
1045 2214 1136 2274 ejus
1156 2212 1403 2274 eloquentia
1425 2213 1559 2257 eluxit
1579 2215 1708 2273 Spar-

340 2303 390 2337 tae
409 2292 558 2354 legati,
577 2303 676 2337 ante
697 2311 886 2354 pugnam
917 2295 1203 2337 Leuctricam.
1229 2295 1331 2350 Quo
1353 2311 1486 2355 quum
1509 2295 1705 2338 omnium

340 2374 556 2417 sociorum
585 2375 887 2417 convenissent
914 2372 1062 2434 legati,
1093 2390 1239 2417 coram
1273 2374 1619 2434 frequentissimo
1644 2372 1706 2417 le-

340 2453 562 2514 gationum
602 2463 819 2496 conventu
861 2454 920 2497 sic
966 2454 1397 2497 Lacedaemoniorum
1434 2453 1704 2513 tyrannidem

339 2533 561 2593 coarguit,
596 2542 754 2576 utnon
787 2534 930 2576 minus
963 2532 1034 2576 illa
1063 2535 1257 2577 oratione
1291 2549 1393 2592 opes
1422 2548 1572 2575 corum
1604 2549 1705 2576 con-

341 2613 540 2668 cusserit,
577 2628 707 2671 quam
746 2613 972 2655 Leuctrica
1005 2629 1162 2672 pugna.
1198 2614 1308 2655 Tum
1346 2612 1459 2658 enim
1499 2611 1704 2671 perfecit,
