1859 3310
354 215 421 250 132
709 216 938 251 CORNELII
969 216 1170 252 NEPOTIS
1200 213 1341 250 CATO.

348 300 495 343 civitas
519 309 614 343 orta
639 300 692 343 sit
720 299 879 355 italica;
906 301 961 342 ob
985 316 1114 358 quam
1140 314 1229 342 rem
1255 314 1401 341 omnes
1427 297 1627 356 Origines
1648 296 1709 337 vi-

346 378 473 421 detur
508 377 762 438 appellassse
803 395 811 420 :
845 379 888 420 in
925 388 1080 437 quarto
1115 388 1257 421 autem
1296 375 1454 420 bellum
1494 376 1709 436 poenicum

345 458 531 518 primurn
559 474 567 499 :
596 457 639 499 in
666 457 818 515 quinto
847 455 1084 499 secundum
1115 474 1123 499 :
1151 467 1280 516 atque
1304 456 1393 499 haec
1422 455 1566 498 omnia
1596 455 1710 515 capi·

345 534 514 578 tulatim
540 544 641 577 sunt
668 533 800 589 dicta3
828 533 1079 594 reliquaque
1103 534 1213 578 bella
1239 536 1332 596 pari
1357 534 1486 578 modo
1513 549 1711 594 persecu-

346 624 414 657 tus
437 623 519 669 est,
544 629 680 673 usque
699 613 753 656 ad
778 623 1010 673 praeturam
1031 615 1119 657 Ser.
1141 613 1308 670 Galbae,
1329 615 1403 674 qui
1421 614 1602 674 diripuit
1624 614 1712 656 Lu-

345 693 517 735 sitanos.
550 694 693 751 Atque
723 692 880 735 horum
918 691 1129 736 bellorum
1165 692 1294 737 duces
1326 710 1412 737 non
1449 693 1711 746 nominavit,

344 772 417 815 sed
438 773 528 815 sine
553 771 801 815 nominibus
828 788 893 815 res
919 773 1094 815 notavit.
1123 773 1174 815 In
1201 772 1349 815 iisdem
1369 773 1589 832 exposuit,
1617 786 1712 830 quae

345 853 387 894 in
415 850 539 894 Italia
568 852 872 912 Hispaniisque
901 850 1151 894 viderentur
1181 850 1444 893 admiranda.
1475 852 1527 893 In
1555 850 1711 909 quibus

343 929 480 974 multa
507 930 718 973 industria
747 940 788 973 et
817 929 1038 991 diligentia
1066 939 1303 990 comparet,
1333 928 1469 972 multa
1501 928 1708 972 doctrina.

344 1010 485 1069 Hujus
506 1010 558 1053 de
584 1011 668 1053 vita
689 1019 731 1053 et
755 1010 947 1053 moribus
973 1008 1099 1070 plura
1125 1010 1168 1052 in
1193 1025 1242 1052 eo
1267 1008 1378 1052 libro
1403 1008 1616 1068 persecuti
1642 1024 1712 1050 su-

344 1106 460 1145 mus,
481 1106 609 1149 quem
634 1089 863 1150 separatim
889 1088 940 1132 de
960 1104 1009 1132 eo
1035 1089 1210 1133 fecimus
1237 1097 1391 1148 rogatu
1416 1088 1501 1131 Titi
1526 1089 1712 1147 Pompo-

345 1170 405 1212 nii
432 1170 574 1213 Attici.
597 1169 744 1226 Quare
769 1167 983 1212 studiosos
1010 1167 1186 1212 Catonis
1213 1167 1267 1211 ad
1293 1166 1399 1210 illud
1420 1165 1619 1210 volumen
1645 1182 1711 1210 re-

346 1247 551 1310 legamus.
