1859 3310
337 203 349 225 1
358 190 378 224 6
783 192 1015 227 CORNELII
1046 193 1250 227 NEPOTIS

332 291 468 336 quum
490 275 694 331 venisset,
721 284 762 318 et
791 276 835 318 in
858 277 1088 335 praesentia
1120 293 1195 319 rex
1220 277 1404 332 abesset3
1426 292 1514 337 quo
1543 278 1706 337 majore

330 353 540 415 religione
565 371 609 398 sc
627 364 853 415 receptum
881 365 1098 411 tueretur,
1124 355 1254 399 filiam
1279 357 1371 416 ejus
1388 355 1616 416 parvulam
1638 373 1708 399 ar-

330 435 486 494 ripuit,
508 445 551 478 et
573 451 673 478 cum
700 450 749 477 ea
775 451 819 477 se
844 435 889 477 in
913 436 1172 492 sacrarium,
1203 435 1321 496 quod
1344 452 1514 479 summa
1536 434 1708 479 coleba-

330 523 402 556 tur
437 514 704 568 caerimonia,
739 514 942 573 conjecit.
976 513 1085 557 Inde
1118 531 1206 558 non
1241 516 1361 575 prius
1392 532 1589 576 egressus
1625 525 1704 569 est,

329 610 459 661 quam
487 609 562 636 rex
593 609 711 648 eum,
739 592 840 635 data
867 592 1017 636 dextra
1034 628 1045 648 ‚
1074 595 1118 637 in
1147 594 1277 638 fidem
1304 596 1518 656 reciperet
1544 612 1553 638 :
1576 611 1704 655 quam

328 672 541 732 praestitit.
566 672 681 715 Nam
704 687 841 730 quum
864 672 916 715 ab
940 672 1281 717 Atheniensibus
1303 684 1346 717 et
1364 674 1707 718 Lacedaemoniis

327 759 634 811 exposceretur
647 750 834 811 publice,
845 750 1089 812 supplicem
1105 770 1192 797 non
1203 753 1398 814 prodidit
1410 770 1421 808 ;
1433 755 1706 814 monuitque,

328 840 374 874 ut
396 829 642 875 consuleret
664 831 770 874 sibi:
791 830 970 875 difficile
994 833 1110 875 enim
1134 849 1246 886 esse,
1278 832 1322 875 in
1347 842 1435 876 tam
1458 835 1707 894 propinquo

326 909 422 954 loco
450 920 547 955 tuto
565 927 665 954 eum
684 911 861 955 versari.
880 913 1034 971 ltaque
1053 910 1252 971 Pydnam
1276 928 1377 955 eum
1395 912 1554 955 deduci
1563 912 1707 972 jussit,

324 1000 368 1034 et
395 990 513 1051 quod
533 991 634 1034 satis
658 1000 768 1035 esset
793 990 980 1051 praesidii
1011 990 1144 1034 dedit.
1172 994 1266 1035 Hac
1290 1008 1336 1035 re
1370 991 1538 1048 audita,
1561 992 1632 1036 hic
1662 994 1707 1036 in

325 1087 481 1114 navem
496 1071 701 1114 omnibus
719 1071 897 1132 ignotus
920 1072 1067 1115 nautis
1090 1071 1301 1115 ascendit.
1323 1072 1434 1128 Quae
1449 1089 1587 1132 quum
1602 1083 1709 1117 tem-

324 1160 488 1211 pestate
511 1151 700 1194 maxima
720 1152 895 1195 Naxum
919 1151 1127 1208 ferretur,
1154 1152 1229 1195 ubi
1261 1162 1353 1196 tum
1370 1152 1706 1197 Atheniensium

323 1241 416 1274 erat
450 1232 686 1285 exercitus3
727 1232 860 1275 sensit
894 1231 1234 1287 Themistocles,
1264 1233 1299 1275 si
1330 1248 1381 1275 eo
1415 1233 1706 1293 pervenisset,

322 1311 403 1355 sibi
431 1328 521 1355 esse
553 1310 842 1371 pereundum.
881 1314 973 1355 Hac
1005 1312 1261 1355 necessitate
1303 1321 1498 1368 coactus,
1527 1311 1706 1356 domino

323 1392 463 1448 navis,
486 1392 583 1452 quis
606 1392 687 1447 sit,
714 1392 876 1452 aperit,
909 1391 1048 1435 multa
1072 1391 1302 1452 pollicens,
1328 1395 1362 1436 si
1387 1409 1431 1436 se
1455 1409 1706 1437 conservas-

321 1481 398 1515 set.
423 1473 479 1516 At
496 1470 589 1529 ille,
607 1471 834 1516 clarissimi
852 1473 934 1515 viri
955 1481 1107 1532 captus
1129 1472 1449 1529 misericordia,
1472 1472 1586 1516 diem
1606 1490 1708 1516 noc-

322 1562 498 1613 temque
522 1552 677 1615 procul
702 1553 756 1596 ab
781 1551 923 1596 insula
948 1552 992 1595 in
1015 1551 1106 1596 salo
1131 1569 1288 1596 navem
1313 1553 1453 1596 tenuit
1475 1553 1519 1595 in
1543 1553 1707 1596 ancho-

319 1633 396 1690 ris,
413 1649 555 1693 neque
569 1650 835 1694 quemquam
859 1650 910 1677 ex
935 1649 985 1677 ea
1011 1634 1128 1676 exire
1158 1649 1309 1693 passus
1332 1642 1408 1676 est.
1435 1632 1542 1676 Inde
1562 1633 1709 1693 Ephe-

320 1729 416 1756 sum
441 1714 660 1774 pervenit,
685 1713 833 1773 ibique
852 1711 1188 1757 Themistoclem
1213 1712 1419 1772 exponit:
1439 1713 1509 1755 cui
1532 1710 1602 1755 ille
1626 1729 1706 1772 pro

321 1794 487 1837 meritis
515 1794 702 1854 gratiam
722 1804 872 1854 postea
897 1792 1059 1837 retulit.

383 1875 460 1918 IX.
485 1874 581 1918 Scio
600 1873 830 1935 plerosque
847 1875 906 1917 ita
926 1875 1166 1935 scripsisse,
1182 1872 1540 1929 Themistoclem,
1560 1875 1705 1916 Xerxe

321 1964 556 2015 regnante,
582 1955 626 1998 in
649 1955 797 1998 Asiam
822 1954 1057 1998 transiisse.
1081 1953 1166 1997 Sed
1186 1970 1266 2015 ego
1289 1953 1565 2013 potissimum
1588 1953 1706 1996 Thu-

319 2035 463 2095 cydidi
486 2035 635 2092 credo,
659 2035 778 2096 quod
806 2045 931 2079 aetate
961 2035 1184 2095 proximus
1209 2043 1301 2077 erat
1328 2034 1394 2076 his
1426 2034 1501 2093 qui
1527 2032 1703 2076 illorum

321 2125 568 2176 temporum
603 2115 833 2159 historiam
868 2113 1167 2174 reliquerunt,
1201 2123 1244 2157 et
1282 2112 1475 2173 ejusdem
1516 2112 1703 2155 civitatis

318 2194 414 2239 fuit.
435 2197 477 2239 Is
502 2205 649 2239 autem
673 2196 733 2238 ait
757 2195 811 2238 ad
838 2197 1122 2239 Artaxerxem
1144 2210 1244 2237 eum
1268 2193 1455 2247 venisse,
1478 2203 1609 2253 atque
1636 2192 1702 2236 his

319 2276 463 2320 verbis
490 2275 719 2336 epistolam
743 2275 910 2319 misisse
934 2291 943 2318 ε
968 2272 1318 2318 «Themistocles
1342 2274 1440 2316 veni
1462 2272 1516 2316 ad
1542 2283 1600 2329 te,
1627 2273 1701 2332 qui

318 2356 507 2417 plurima
530 2355 643 2400 mala
669 2356 867 2400 omnium
889 2356 1127 2398 Graiorum
1144 2354 1187 2396 in
1203 2353 1383 2397 domum
1407 2363 1527 2396 tuam
1552 2351 1700 2407 intuli,

317 2454 452 2497 quum
481 2437 589 2480 mihi
617 2453 788 2480 necesse
818 2435 899 2479 fuit
931 2434 1136 2478 adversus
1165 2444 1333 2494 patrem
1366 2444 1488 2476 tuum
1518 2432 1699 2486 bellare,

318 2518 593 2576 patriamque
630 2533 769 2560 meam
809 2515 1054 2559 defendere.
1093 2514 1215 2557 Idem
1246 2513 1385 2557 multo
1419 2512 1546 2573 plura
1585 2513 1699 2556 bona

318 2597 667 2657 feci,postquam
692 2598 736 2638 in
763 2605 858 2639 tuto
874 2597 983 2655 ipse,
1000 2605 1043 2638 et
1067 2594 1137 2638 ille
1162 2596 1205 2637 in
1230 2592 1425 2653 periculo
1443 2610 1532 2636 6336
1553 2593 1697 2653 coepit.
