1859 3310
698 217 936 252 DATAMES.
1447 218 1497 265 ⁶9

137 300 309 360 agebat,
326 311 370 344 ut
393 302 425 344 si
447 301 579 344 feram
596 300 776 343 bestiam
797 309 965 358 captam
983 298 1169 342 duceret.
1187 299 1331 354 Quem
1348 316 1495 343 omnes

136 396 269 438 quum
295 381 587 440 prospicerent
607 388 782 438 propter
805 379 1039 421 novitatem
1063 387 1262 433 ornatus,
1286 378 1497 438 ignotam-

136 476 219 518 que
248 460 450 515 formam,
478 460 532 502 ob
561 474 741 518 eamque
771 473 860 500 rem
888 474 1072 518 magnus
1101 467 1208 501 esset
1237 473 1494 510 concursus;

135 538 216 581 fuit
235 555 319 582 non
337 554 482 593 nemo,
500 539 574 597 qui
591 546 845 598 agnosceret
859 537 1049 597 Thyum,
1067 537 1244 597 regique
1261 536 1496 580 nuntiaret.

133 617 279 660 Primo
301 634 388 661 non
412 615 660 660 accredidit.
688 618 840 675 Itaque
862 616 1190 659 Pharnabazum
1213 615 1329 658 misit
1352 612 1498 673 explo-

132 704 298 751 ratum3
328 712 352 738 a
382 711 469 755 quo
504 704 551 738 ut
573 711 664 738 rem
695 704 858 755 gestam
888 695 1118 754 comperit,
1148 695 1293 738 statim
1325 693 1496 736 admitti

126 774 273 831 jussit,
293 790 557 834 magnopere
575 773 811 818 delectatus
832 790 966 833 quum
989 774 1122 829 facto,
1143 783 1233 816 tum
1257 782 1431 816 ornatu:
1452 773 1495 815 in

132 853 281 912 primis
299 852 415 912 quod
435 851 590 896 nobilis
611 869 685 896 rex
703 854 746 895 in
768 862 1024 912 potestatem
1044 852 1287 912 inopinanti
1305 861 1493 895 venerat.

131 935 281 992 [taque
300 931 527 992 magnifice
550 934 780 975 Datamen]
800 931 1009 974 donatum
1029 931 1082 974 ad
1100 932 1337 974 exercitum
1357 931 1494 985 misit,

129 1012 203 1070 qui
227 1021 319 1054 tum
343 1011 698 1067 contrahebatur,
727 1011 837 1054 duce
860 1010 1142 1054 Pharnabazo
1166 1019 1208 1052 et
1228 1010 1495 1064 Tithrauste,

128 1089 182 1132 ad
204 1089 365 1133 bellum
387 1091 658 1151 AEgyptiuim
679 1090 858 1149 parique
880 1105 999 1143 eum,
1021 1097 1152 1147 atque
1176 1086 1292 1142 illos,
1314 1088 1494 1147 imperio

127 1185 216 1212 esse
236 1169 377 1229 jussit.
401 1172 553 1214 Postea
578 1185 680 1212 vcro
706 1184 835 1227 quam
859 1168 1189 1211 Pharnabazum
1218 1183 1293 1210 rex
1320 1183 1494 1210 revoca-

131 1250 206 1303 vit,
231 1247 293 1291 illi
319 1265 486 1292 summa
510 1248 681 1308 imperii
704 1247 862 1291 tradita
886 1256 961 1290 est.

188 1329 263 1371 IV.
299 1328 380 1371 Hie
402 1344 538 1388 quum
559 1328 748 1371 maximo
774 1326 917 1371 studio
942 1338 1211 1388 compararet
1235 1328 1490 1383 exercitum,

126 1409 447 1467 AEgyptumque
466 1406 678 1467 proficisci
699 1416 889 1467 pararet,
911 1407 1053 1450 subito
1071 1424 1095 1450 a
1113 1424 1212 1467 rege
1226 1407 1376 1451 litterae
1391 1417 1492 1451 sunt

125 1489 164 1529 ci
191 1487 354 1543 missae,
379 1496 426 1530 ut
456 1488 607 1547 Aspim
636 1486 962 1547 aggrederetur,
992 1487 1066 1546 qui
1096 1488 1347 1532 Cataoniam
1376 1497 1493 1531 tene-

124 1566 220 1622 bat,
237 1583 332 1627 quae
351 1583 455 1627 gens
470 1567 582 1626 jacet
602 1583 731 1626 supra
752 1565 968 1620 Ciliciam,
990 1566 1174 1610 confinis
1193 1566 1491 1626 Cappadociae.

124 1647 322 1705 Namque
347 1646 494 1705 Aspis,
522 1644 752 1688 saltuosam
783 1646 1025 1705 regionem,
1055 1644 1325 1704 castellisque
1351 1648 1493 1689 muni-

123 1735 210 1768 tam
234 1723 443 1779 incolens,
467 1740 555 1767 non
579 1723 719 1767 solum
743 1725 926 1784 imperio
950 1726 1061 1785 regis
1086 1740 1174 1768 non
1196 1724 1393 1784 parebat,
1417 1725 1491 1768 sed

123 1805 252 1847 etiam
275 1804 480 1847 finitimas
502 1805 698 1864 regiones
719 1804 921 1860 vexabat,
951 1814 1013 1860 eut,
1035 1820 1128 1863 quae
1152 1805 1242 1864 regi
1267 1813 1491 1864 portaren-

123 1893 212 1940 tur,
236 1883 490 1943 abripiebat.
510 1885 738 1939 Datames,
758 1884 836 1927 etsi
862 1882 991 1943 longe
1018 1883 1165 1926 aberat
1187 1883 1239 1925 ab
1261 1883 1326 1926 his
1351 1885 1490 1944 regio-

122 1962 269 2017 nibus,
292 1972 333 2006 et
360 1979 384 2005 a
410 1963 572 2023 majore
596 1979 640 2005 re
661 1963 1009 2018 abstrahebatur,
1034 1972 1178 2006 tamen
1202 1964 1311 2023 regis
1335 1962 1489 2007 volun-

122 2042 198 2086 tati
232 2058 398 2085 morem
428 2041 667 2102 gerendum
694 2042 876 2102 putavit.
905 2044 1057 2102 Itaque
1086 2059 1185 2085 cum
1213 2043 1385 2102 paucis,
1414 2043 1488 2086 sed

120 2122 221 2165 viris
253 2121 463 2177 fortibus,
495 2138 648 2166 navem
683 2122 955 2177 conscendit,
989 2122 1257 2177 existimans,
1293 2121 1336 2164 id
1369 2123 1487 2182 quod

119 2200 293 2255 accidit,
322 2200 486 2244 facilius
517 2218 560 2245 se
588 2201 910 2262 imprudentem
939 2217 1071 2261 parva
1099 2217 1231 2244 manu
1258 2217 1488 2261 oppressu—

118 2297 234 2335 rum,
253 2296 382 2339 quam
400 2290 620 2339 paratum,
639 2282 835 2341 quamvis
854 2297 1012 2341 magno
1035 2282 1234 2324 exercitu.
1254 2284 1353 2325 Haec
1374 2281 1486 2326 dela-

120 2370 185 2403 tus
220 2360 265 2402 in
297 2358 520 2415 Ciliciam,
548 2376 740 2420 egressus
774 2359 896 2415 inde,
933 2360 1023 2403 dies
1053 2370 1286 2420 noctesque
1315 2362 1396 2404 iter
1426 2361 1485 2405 fa-

118 2438 232 2482 ciens
248 2473 259 2493 ,
298 2441 491 2483 Taurum
531 2440 710 2494 transit,
747 2456 883 2498 eoque
921 2455 1007 2499 quo
1044 2439 1288 2496 studuerat,
1332 2442 1448 2484 venit
1471 2459 1480 2485 :

121 2520 297 2578 quaerit,
333 2519 490 2578 quibus
522 2518 626 2563 locis
669 2520 724 2564 sit
757 2520 906 2579 Aspis:
943 2519 1164 2580 cognoscit
1201 2519 1316 2563 haud
1354 2519 1481 2582 longe

122 2600 286 2654 abesse,
313 2598 641 2658 profectumque
664 2616 760 2642 eum
787 2608 1019 2653 venatum3
1043 2615 1170 2657 quem
1200 2598 1302 2642 dum
1329 2616 1481 2661 specu-
