1859 3310
304 283 377 323 244
622 316 625 319 ,
651 279 721 314 ΑΙ)
752 278 1046 314 CORNELIUM
1078 276 1313 312 NEPOTEM

355 357 438 392 Can».
475 357 544 393 111.
574 357 727 392 Darius.
759 355 951 403 Hystaspis
978 353 1092 399 filius,
1123 354 1208 402 qui,
1243 352 1444 389 secundum
1470 351 1671 395 Herodot.‚

302 429 354 461 iv,
384 430 418 462 1,
440 417 586 466 Scythis
613 418 751 453 bellum
779 416 924 459 intulit,
950 416 1051 462 quod
1078 416 1149 463 ipsi
1178 416 1218 450 in
1247 415 1412 451 Mediam
1438 414 1669 461 irrupissent.

361 479 444 525 Qua
478 479 608 526 copias
642 479 861 513 traduceret.
892 478 992 511 Bene
1022 488 1116 524 qua,
1156 489 1275 524 neque
1311 488 1398 512 sane
1429 475 1669 523 probaverim

302 539 405 587 quod
429 539 534 574 malit
558 539 732 575 Schottus
758 550 850 586 quo,
878 537 1086 584 referatque
1106 537 1153 572 ad
1178 545 1344 585 pontem.

354 601 438 637 Cn.
471 601 536 636 IV.
559 599 719 635 Sardeis.
745 599 901 643 Sardes,
926 598 1052 647 Lydiae
1073 605 1207 646 caput3
1235 598 1350 634 hodie
1384 599 1498 641 Sarcl,
1531 598 1672 640 Sar-ds,

304 662 434 698 Sardo.
451 681 507 688 —
525 661 722 697 Euboeam.
742 661 867 695 Insula
886 659 1033 695 Graeciae
1060 666 1095 695 et
1117 659 1377 707 Archipelagi,
1397 673 1415 694 a
1436 659 1576 694 Boeotia
1601 671 1672 693 an—

302 729 409 770 gusto
437 722 566 769 Euripi
598 722 695 757 freto
720 720 926 768 dirempta3
960 720 1073 756 hodie
1102 721 1265 769 Egripo,
1298 733 1362 756 seu
1387 722 1500 768 vulgo
1525 721 1672 768 Ne'gre—

298 791 402 832 pont.
429 804 483 810 —
503 785 703 819 Eretriam.
729 782 852 818 Hodie
878 783 984 817 vicus
1009 782 1050 817 in
1073 782 1236 829 Euripo,
1265 781 1324 817 cui
1350 793 1488 816 nomen
1515 788 1569 816 est
1595 782 1674 816 Ga-

302 845 482 888 valinais,
512 845 590 880 sive
625 846 781 887 Trocco,
809 845 940 881 Rocco.
966 864 1018 870 -—
1045 843 1285 878 Marathona.
1311 843 1412 878 Urbs
1435 841 1565 877 Atticae
1592 854 1674 889 quae

299 919 424 951 suum,
454 906 513 942 vel
540 905 673 950 hodie,
698 918 837 941 nomen
862 905 1009 941 retinet.

353 970 393 1003 Is
410 968 516 1003 abest
532 968 580 1002 ab
608 968 761 1016 oppido.
786 967 830 1002 Id
853 974 907 1003 est
932 966 1102 1002 Athenis.

353 1030 439 1064 CAP.
459 1030 502 1064 V.
526 1030 672 1065 Proeter
689 1029 969 1064 Platoeensium.
988 1030 1149 1073 Plataeae,
1172 1028 1263 1064 urbs
1285 1028 1580 1074 Boeotiae3hodie
1602 1028 1674 1064 Co-

300 1092 383 1134 ela,
410 1089 512 1126 vicus
537 1090 731 1126 semirutus
757 1090 796 1126 in
824 1090 914 1138 ripis
943 1091 1073 1138 Asopi.

354 1152 466 1187 Mille
483 1153 581 1187 misit
597 1153 766 1188 militum.
793 1153 1008 1188 Herodotus
1027 1152 1040 1202 (
1048 1166 1087 1187 V1
1102 1180 1112 1198 ,
1139 1152 1230 1202 108)
1259 1153 1334 1189 duo
1360 1152 1475 1188 millia
1495 1158 1676 1187 numerat.

357 1213 442 1259 Qua
465 1227 601 1262 pugna
627 1215 723 1249 nihil
748 1214 874 1249 adhuc
898 1223 951 1250 est
973 1215 1140 1250 nobilius.
1158 1216 1257 1250 Male
1285 1215 1459 1250 Schottus
1483 1213 1676 1261 approba-

301 1274 366 1310 bat
395 1291 409 1307 «
433 1275 610 1322 quoniam
636 1288 762 1323 pugna
787 1276 881 1310 nihil
906 1277 1028 1312 adhuc
1054 1283 1108 1311 est
1133 1277 1356 1320 volubilius,
1380 1291 1395 1308 »
1422 1275 1680 1321 referebatque

301 1336 348 1371 ad
375 1337 576 1384 ancipitem
609 1338 740 1372 Martis
763 1338 892 1372 aleam.
922 1337 982 1373 Sic
1008 1337 1107 1372 enim
1129 1338 1229 1384 apud
1259 1339 1438 1373 Nostrum
1457 1337 1497 1371 in
1525 1338 1676 1371 Pausa—

301 1399 366 1433 nia
389 1400 511 1446 legere
525 1406 602 1434 est:
618 1415 633 1431 «
655 1399 764 1446 hujus
788 1399 1073 1435 illustrissimum
1094 1406 1148 1434 est
1171 1399 1344 1447 proelium
1364 1398 1464 1446 apud
1484 1398 1645 1433 Plataeas.
1664 1412 1679 1428 ι

302 1462 358 1496 De
380 1462 573 1496 Persarum
602 1474 758 1497 numero
785 1462 855 1497 hac
879 1461 918 1496 in
947 1459 1026 1496 acie
1056 1473 1232 1496 caesorum
1254 1461 1352 1496 inter
1376 1460 1574 1508 scriptores
1602 1471 1676 1494 non

303 1523 491 1558 convenit.
516 1524 567 1558 Ea
598 1530 720 1558 autem
746 1523 814 1558 suit
832 1522 1028 1571 inscriptio
1053 1522 1092 1558 in
1112 1522 1259 1570 porticu
1284 1522 1419 1558 Poecile
1438 1521 1580 1569 posita,
1601 1533 1682 1569 quae

302 1583 453 1631 quidem
472 1583 547 1620 fide
565 1585 683 1632 magis
702 1585 816 1633 digna
835 1584 1007 1621 videatur
1035 1597 1044 1619 ε

460 1714 602 1758 Ελλήνων
623 1723 842 1768 προμάχωτες
862 1717 1011 1759 Ᾰθηναῖοι
1029 1727 1204 1768 Μαραθῶνι

517 1776 669 1817 ΪΞκτείναν
691 1781 816 1820 Μήδων
842 1785 939 1818 simoi
960 1782 1128 1830 μυριάδας.

355 1910 439 1945 CAP.
475 1911 559 1945 VII.
590 1912 654 1946 Ex
682 1911 740 1946 his
774 1912 913 1947 Parum
943 1911 1115 1947 insulam.
1152 1912 1287 1955 Paros,
1321 1909 1522 1960 Cycladum
1563 1909 1680 1944 insula

302 1970 482 2016 maxima,
504 1984 586 2019 quae
609 1985 716 2007 suum
738 1972 849 2007 etiam
868 1985 967 2008 nunc
985 1985 1125 2008 nomen
1147 1972 1293 2009 retinet.

355 2033 488 2079 anue
507 2034 552 2067 lis
555 2059 613 2072 .....
631 2034 821 2069 aestimata
848 2042 911 2069 est.
938 2035 1059 2070 Litem
1081 2034 1281 2079 aestimare,
1304 2041 1397 2069 teste
1421 2032 1582 2069 Asconio
1609 2033 1679 2067 Pe-

303 2091 439 2138 diano,
466 2100 518 2128 est
544 2094 762 2141 pecuniam,
782 2095 829 2130 de
851 2107 923 2141 qua
946 2095 990 2130 lis
1010 2096 1100 2140 fuit,
1114 2103 1150 2130 et
1168 2102 1325 2143 propter
1347 2108 1458 2142 quam
1482 2106 1564 2129 reus
1584 2106 1681 2128 con-

304 2153 501 2189 demnatus
539 2162 619 2201 est,
657 2155 695 2190 in
729 2168 912 2191 summam
945 2156 1127 2204 redigere.
1155 2157 1225 2192 Hic
1244 2157 1429 2204 impensas
1460 2156 1499 2191 in
1530 2155 1681 2190 navium

302 2215 548 2251 fabricatione
588 2223 741 2264 spectat.
781 2238 833 2243 --
876 2218 1160 2266 Quinquaginta
1206 2219 1366 2254 talentis.
1413 2217 1511 2254 AEris
1559 2217 1680 2252 nostri

303 2274 469 2322 285‚537
494 2276 537 2312 fr.

356 2337 440 2372 Cn.
470 2338 574 2375 VIII.
607 2339 701 2385 Quoe
721 2340 859 2387 paucis
883 2340 992 2376 annis
1010 2349 1098 2377 ante
1114 2341 1259 2387 fuerat.
1284 2344 1393 2378 Anno
1416 2342 1556 2379 scilicet
1580 2341 1683 2378 vice-

304 2397 398 2434 simo
426 2405 511 2435 ante
536 2411 701 2448 pugnam
720 2401 1008 2437 Marathoniam.

771 2536 816 2564 ΙΝ
852 2536 912 2564 ΤΗ
918 2536 1224 2566 EMISTOCLEM.

357 2640 441 2676 CAP.
472 2642 500 2677 Ι.
522 2643 562 2676 Is
584 2654 735 2677 uxorem
763 2643 1099 2678 Halicarnassiam.
1120 2644 1289 2679 Turbant
1316 2645 1354 2680 in
1380 2652 1497 2681 matre
1522 2647 1680 2682 Themi—

306 2702 414 2738 toclis
440 2703 564 2748 MSS„
590 2703 655 2751 qui
678 2704 997 2740 Halicarnassiam
1024 2705 1222 2752 abnegant.
1253 2708 1358 2742 MSS.
1387 2708 1534 2743 codices
1554 2711 1679 2744 Acar-
