1859 3310
359 223 407 259 90
811 212 1038 247 CORNELII
1065 210 1271 244 NEPOTIS

359 295 662 354 Tissaphernes
692 309 874 353 usquam
903 309 946 335 se
973 300 1180 334 moveret.
1209 292 1370 351 Magna
1399 291 1542 351 praeda
1573 290 1717 334 militi-

361 374 440 416 bus
465 372 988 433 locupletatis‚Ephesum
1013 370 1251 413 hiematum
1274 371 1510 413 exercitum
1525 369 1717 423 reduxit3

359 462 487 511 atque
514 452 593 507 ibi,
620 450 801 494 officinis
828 465 1049 492 armorum
1070 448 1299 505 institutis,
1327 465 1483 509 magna
1507 448 1719 491 industria

360 529 519 573 bellum
549 528 784 589 apparavit.
815 529 871 571 Et
906 543 993 587 quo
1025 527 1257 571 studiosius
1290 536 1584 581 armarentur,
1616 527 1718 569 insi-

360 611 571 670 gniusque
604 616 885 660 ornarentur,
915 608 1091 666 praemia
1113 608 1365 668 proposuit,
1395 607 1552 666 quibus
1583 606 1718 649 dona-

359 697 509 731 rentur
539 703 725 746 quorum
749 687 921 747 egregia
948 688 991 730 in
1017 703 1066 731 ea
1090 703 1135 730 re
1164 687 1313 731 fuisset
1346 687 1571 730 industria.
1601 686 1719 729 Fecit

359 766 471 809 idem
500 765 544 808 id
572 766 930 809 exercitationum
957 766 1206 826 generibus,
1237 776 1305 821 ut,
1333 768 1406 826 qui
1435 766 1586 809 ceteris
1618 781 1721 825 prae-

359 845 584 899 stitissent,
612 861 683 888 eos
707 846 876 905 magnis
899 844 1092 889 afficeret
1113 846 1378 888 muneri-bus.
1404 845 1481 888 His
1503 845 1635 904 igitur
1654 860 1719 887 re·-

360 924 439 967 bus
466 923 609 967 effecit
638 933 686 967 ut
713 933 753 967 et
781 924 1105 967 ornatissimum
1132 934 1176 967 et
1211 923 1613 967 exercitatissimum
1646 923 1721 965 ha-

358 1002 481 1046 beret
505 1003 756 1046 exercitum.
779 1004 892 1046 Huic
914 1020 1049 1062 quum
1076 1013 1246 1063 tempus
1271 1012 1380 1046 esset
1405 1003 1544 1045 visum
1572 1001 1718 1060 copias

360 1082 584 1125 extrahere
613 1098 663 1125 ex
691 1082 1010 1138 hibernaculis,
1042 1082 1168 1138 vidit,
1199 1083 1232 1126 si
1262 1099 1349 1141 quo
1375 1091 1485 1125 esset
1524 1082 1605 1123 iter
1635 1079 1720 1122 fac-

364 1170 482 1204 turus
509 1160 649 1221 palam
674 1162 1021 1221 pronuntiasset,
1044 1162 1190 1205 hostes
1217 1178 1305 1204 non
1332 1161 1572 1204 credituros
1597 1158 1721 1202 alias-

361 1256 443 1298 que
485 1241 681 1300 regiones
719 1240 926 1300 praesidiis
967 1250 1275 1301 occupaturos,
1326 1257 1404 1283 nec
1450 1239 1720 1282 dubitaturos

360 1316 477 1360 aliud
499 1334 589 1361 esse
612 1319 829 1362 facturum
857 1336 905 1362 ac
927 1321 1262 1380 pronuntiasset.
1287 1322 1458 1379 Itaque,
1479 1335 1613 1379 quum
1651 1315 1721 1359 ille

361 1396 506 1440 Sardis
534 1398 698 1441 iturum
726 1414 769 1442 se
789 1398 984 1454 dixisset,
1008 1400 1312 1460 Tissaphernes
1337 1398 1530 1442 eamdem
1548 1397 1719 1440 Cariam

362 1476 675 1521 defendendam
702 1480 884 1538 putavit.
909 1482 960 1523 In
983 1496 1069 1539 quo
1094 1496 1229 1539 quum
1252 1495 1351 1522 eum
1379 1479 1525 1538 opinio
1551 1475 1720 1520 fefellis-

360 1565 443 1611 set,
470 1557 718 1617 victumque
748 1575 790 1602 se
825 1558 999 1602 vidisset
1035 1558 1215 1603 consilio
1235 1593 1245 1612 ‚
1278 1575 1373 1602 sero
1405 1558 1491 1601 suis
1524 1556 1721 1617 praesidio

358 1635 579 1694 profectus
605 1646 669 1680 est
694 1654 702 1680 :
724 1654 824 1681 nam
858 1654 992 1697 quum
1023 1637 1097 1681 illo
1126 1639 1331 1691 venisset,
1353 1638 1442 1697 jam
1478 1635 1722 1696 Agesilaus,

359 1713 507 1758 multis
535 1715 640 1760 locis
666 1718 947 1778 expugnatis,
972 1734 1128 1778 magna
1140 1727 1232 1761 erat
1251 1717 1392 1777 praeda
1408 1717 1586 1776 potitus.
1607 1718 1722 1759 Laco

360 1804 524 1849 autem,
539 1812 671 1854 quum
693 1796 857 1840 videret
877 1797 1021 1840 hostes
1040 1798 1234 1857 equitatu
1254 1812 1477 1856 superare,
1496 1811 1721 1854 nunquam

361 1873 403 1915 in
430 1890 584 1934 campo
608 1875 673 1918 sui
699 1875 800 1919 fecit
822 1885 1098 1936 potestatem,
1123 1885 1162 1919 et
1187 1877 1253 1919 his
1277 1875 1379 1919 locis
1411 1892 1588 1919 manum
1619 1892 1721 1918 con-

361 1954 495 1996 seruit
524 1955 680 2014 quibus
705 1955 801 2015 plus
828 1955 1047 2016 pedestres
1070 1957 1205 2016 copiae
1230 1954 1434 1998 valerent.
1464 1953 1637 2015 Pepulit
1658 1970 1722 1996 er-

361 2049 434 2093 go,
461 2035 801 2094 quotiescunque
829 2052 1083 2095 congressus
1108 2045 1190 2089 est,
1215 2033 1352 2077 multo
1371 2035 1556 2093 majores
1574 2033 1724 2076 adver-

361 2113 574 2155 sariorum
598 2114 762 2173 copias3
788 2123 831 2156 ct
850 2115 909 2156 sic
938 2115 981 2156 in
1006 2115 1105 2158 Asia
1126 2123 1320 2157 versatus
1342 2123 1424 2167 cst,
1449 2123 1497 2155 ut
1524 2113 1719 2155 omnium

361 2191 564 2250 opinione
587 2193 727 2235 victor
754 2192 1001 2236 duceretur.

423 2273 500 2313 IV.
526 2272 607 2314 Hic
631 2288 765 2331 quum
791 2273 881 2331 jam
920 2273 1065 2315 animo
1104 2271 1389 2315 meditaretur
1422 2271 1638 2332 proficisci
1679 2273 1720 2313 in

361 2352 530 2405 Persas,
557 2360 599 2393 et
620 2351 763 2411 ipsum
788 2368 932 2412 regem
952 2351 1137 2405 adoriri,
1162 2352 1340 2394 nuntius
1369 2352 1407 2394 ei
1430 2350 1558 2394 domo
1581 2352 1694 2393 venit
1710 2384 1720 2403 ,

361 2428 624 2487 ephororum
652 2430 795 2490 jussu,
837 2430 997 2474 bellum
1033 2432 1318 2475 Athenienses
1356 2441 1398 2473 et
1434 2431 1620 2474 Boeotios
1656 2431 1720 2472 in—

361 2508 517 2551 dixisse
541 2509 896 2563 Lacedaemoniis3
920 2526 1052 2569 quare
1075 2511 1223 2553 venire
1241 2526 1293 2552 ne
1317 2509 1547 2552 dubitaret.
1566 2512 1616 2552 In
1642 2509 1723 2552 hoc

362 2605 447 2630 non
473 2590 615 2632 minus
637 2590 728 2648 ejus
754 2590 889 2648 pietas
915 2589 1187 2648 suspicienda
1213 2599 1273 2631 est
1308 2606 1438 2648 quam
1475 2589 1609 2631 virtus
1635 2588 1722 2631 hel-
