1859 3310
648 193 1068 228 OBSERVATIONES.
1469 210 1509 231 21
1524 211 1535 231 x

172 274 280 310 uibus
307 275 459 322 ligneis,
485 287 546 310 seu
571 276 738 310 navibus.
768 275 981 309 Herodotus
1008 275 1173 310 Cimonis
1201 277 1428 313 mentionem
1460 280 1542 313 facit

171 336 329 380 nullam,
357 337 426 371 nisi
458 337 558 384 quod
583 335 786 370 narrationi
810 335 857 370 de
885 343 1005 370 morte
1031 337 1210 371 Miltiadis
1243 338 1447 384 subjungit,
1477 341 1540 375 Ci-

170 409 320 432 monem
342 396 458 432 filium
478 398 651 432 muletam
669 396 880 432 exsolvisse.
907 397 1088 432 Concludi
1113 398 1200 433 inde
1225 404 1363 445 potest,
1383 399 1422 433 id
1444 402 1543 446 quod

170 465 206 492 et
224 458 387 493 historiae
403 458 514 493 series
533 455 745 501 confirmat,
760 470 837 492 non
857 458 1060 493 admodum
1079 460 1231 507 longam
1254 459 1363 494 fuisse
1382 460 1545 496 Cimonis

171 519 385 554 custodiam.
408 518 555 553 Erravit
572 531 662 553 vero
685 519 877 554 Cornelius
896 520 935 554 in
952 520 1063 555 rebus
1090 521 1270 567 gravioris
1294 522 1486 556 momenti.

221 580 375 615 Celebre
407 579 454 615 ad
484 580 655 626 Mycalen
682 580 848 627 praelium
880 593 957 615 non
993 582 1226 617 commissum
1259 590 1312 618 est
1342 590 1426 630 post
1454 583 1547 618 illud

170 640 269 686 apud
282 639 420 675 flumen
434 641 631 688 Strymona
642 668 650 684 ,
666 648 699 676 et
714 649 798 689 post
819 642 1068 689 Amphipolin
1087 643 1274 678 coloniam
1300 645 1546 679 constitutam.

170 701 214 735 In
235 701 363 748 praelio
388 701 435 736 ad
460 702 632 749 Mycalen
656 715 734 737 non
760 702 827 737 fuit
849 703 923 738 dux
949 703 1093 739 Cimon.

218 762 397 798 Confudit
416 770 542 799 auctor
560 771 686 799 noster
705 765 869 812 praelium
888 765 935 800 ad
954 766 1152 812 illycalen,
1175 766 1278 813 quod
1291 774 1343 801 est
1363 779 1547 814 promou-

169 823 305 858 torium
342 825 458 860 Ioniae
490 825 712 861 exadversus
742 827 892 862 Samum
917 828 1132 874 percelebre
1160 827 1286 875 (quod
1306 841 1448 863 sacrum
1473 834 1551 863 erat

170 885 220 920 ob
245 887 421 933 templum
442 887 663 922 Panionium
681 901 701 922 a
723 888 920 923 duodecim
945 889 1059 923 Ioniae
1082 889 1291 924 civitatibus
1311 890 1363 924 ibi
1385 897 1550 925 exstruc-

171 956 264 992 tum,
288 955 380 984 teste
408 949 624 993 Herodoto,
649 951 672 984 l.
702 963 736 994 1,
764 962 800 997 p.
824 949 914 999 69),
935 963 1018 985 cum
1041 950 1106 985 illo
1130 951 1279 997 praelio,
1302 951 1403 985 haud
1428 951 1551 986 minus

171 1009 326 1058 insigni,
341 1010 441 1057 quod
455 1023 591 1046 novem
616 1011 722 1046 annis
740 1018 825 1058 post
847 1011 1082 1046 commissum
1103 1019 1173 1055 est,
1193 1011 1348 1046 Cimone
1372 1012 1484 1055 duce,
1505 1012 1551 1047 ad

171 1072 445 1116 Eurymedonta
476 1072 699 1119 Pamphyliae
727 1071 902 1115 fluvium3
931 1085 973 1107 ea
998 1072 1151 1108 fortasse
1183 1084 1288 1107 causa
1317 1072 1355 1106 in
1388 1085 1563 1108 errorem'

172 1133 319 1175 ductus,
348 1132 450 1179 quod
480 1132 519 1167 in
549 1140 705 1180 utroque
741 1133 870 1179 praelio
894 1140 929 1168 et
962 1133 1055 1167 mari
1083 1141 1119 1168 et
1137 1140 1233 1168 terra
1256 1141 1460 1181 pugnatum
1487 1142 1550 1169 est.

172 1194 345 1229 Victoriae
364 1195 577 1229 Graecorum
598 1194 646 1229 ad
669 1195 839 1242 Mycalen
860 1195 1021 1241 amplam
1040 1194 1330 1242 descriptionem
1351 1195 1454 1230 dedit
1473 1197 1551 1230 He-

171 1255 326 1291 rodotus
344 1255 413 1290 sub
434 1254 546 1291 finem
566 1256 689 1303 operis
713 1256 778 1291 sui.
798 1257 883 1291 Dux
905 1256 1053 1291 Graeciae
1072 1256 1280 1291 communis
1300 1256 1338 1290 in
1358 1269 1402 1292 eo
1424 1257 1553 1304 praelio

173 1324 252 1353 erat
277 1317 513 1352 Leutichides
542 1317 860 1361 Lacedaemonius,
894 1317 970 1352 dux
1008 1317 1292 1353 Atheniensium
1324 1318 1553 1365 Xanfippus,

173 1378 320 1414 Periclis
339 1385 455 1425 pater.
482 1378 727 1413 Commissum
761 1391 838 1413 esse
860 1379 993 1414 eodem
1014 1378 1091 1423 die,
1112 1391 1185 1425 quo
1210 1379 1406 1414 Pausanias
1432 1379 1555 1414 victo—

174 1441 267 1475 riam
286 1441 519 1488 plataeensem
538 1440 763 1488 reportavit,
783 1448 949 1476 asserunt
969 1440 1157 1485 historici,
1176 1453 1268 1487 quos
1287 1440 1393 1484 novi,
1414 1453 1553 1475 omnes.

227 1502 291 1537 IX.
324 1501 479 1537 Cononis
497 1509 534 1537 et
555 1503 727 1550 Agesilai
745 1502 845 1547 vitae,
865 1509 1086 1550 comparatae
1108 1502 1147 1537 in
1172 1503 1302 1546 rebus,
1317 1515 1395 1549 quae
1413 1503 1460 1538 ad
1477 1504 1510 1537 T
1508 1503 1555 1537 is—

173 1563 395 1611 saphernem
418 1563 628 1611 pertinent,
656 1571 829 1611 satrapen
856 1564 993 1612 Lydiae.
1026 1564 1270 1599 Eminuerunt
1304 1564 1437 1599 eodem
1461 1571 1556 1598 tem-

174 1637 284 1672 pore,
312 1624 455 1673 aliquot
481 1632 567 1672 post
590 1625 733 1660 bellum
762 1625 1076 1673 peloponnesium
1106 1625 1232 1668 annis,
1260 1625 1395 1659 virtute
1425 1625 1558 1659 bellica

174 1687 271 1722 iuter
284 1686 588 1722 Lacedaemonios
598 1687 799 1735 Agesilaus
812 1714 823 1730 ,
840 1687 937 1722 inter
954 1686 1200 1722 Athenienses
1223 1686 1347 1721 Conon
1358 1713 1369 1730 ,
1391 1686 1456 1733 qui
1475 1686 1558 1733 qui—

175 1748 263 1783 dem
283 1747 361 1795 jam
392 1748 461 1783 sub
486 1746 599 1784 finem
630 1748 732 1784 istius
759 1748 849 1783 belli
878 1755 1017 1796 praetor
1045 1748 1163 1783 fuerat
1194 1748 1498 1792 Atheniensium,
1525 1755 1560 1783 et

177 1816 308 1857 postea
341 1809 438 1845 inter
464 1811 594 1845 Persas
622 1811 851 1845 versabatur.
886 1810 1050 1845 Historia
1076 1822 1155 1845 non
1180 1810 1300 1844 solum
1322 1821 1467 1857 regum,
1496 1810 1560 1844 sed

177 1870 288 1905 etiam
321 1878 547 1919 satraparum
576 1871 804 1919 persicorum
833 1872 872 1906 in
897 1871 1006 1915 Asia,
1034 1872 1189 1906 multum
1214 1872 1372 1906 illustrat
1398 1884 1457 1906 res
1484 1871 1560 1917 ejus

178 1931 356 1979 temporis
375 1944 519 1980 graecas.
541 1932 812 1968 Celeberrimus
831 1933 927 1968 inter
950 1945 1013 1968 eos
1031 1940 1084 1967 est
1102 1932 1382 1979 Tissaphernes,
1404 1932 1442 1967 in
1460 1932 1561 1978 cujus

178 1993 347 2029 intimam
360 1994 561 2029 amicitiam
571 1994 781 2029 Alcibiades
793 2001 1024 2041 pervenerat.
1036 1995 1071 2029 Is
1085 1994 1218 2028 dicitur
1229 1993 1403 2029 Cornelio
1418 2006 1561 2029 summo

179 2055 302 2090 studio
326 2056 467 2091 bellum
487 2056 640 2103 gessisse
663 2056 838 2091 adversus
860 2056 1087 2103 Agesilaum,
1111 2059 1216 2102 Ages.
1243 2068 1294 2100 113
1311 2056 1352 2090 in
1374 2056 1449 2090 vita
1472 2068 1562 2090 vero

183 2116 352 2152 Cononis
371 2117 417 2152 de
435 2116 567 2153 iisdem
586 2117 696 2152 rebus
722 2118 877 2164 loquens
901 2124 1030 2152 auctor
1050 2117 1155 2160 dicit,
1173 2116 1264 2151 Con.
1280 2130 1312 2151 11
1326 2143 1335 2160 ,
1351 2129 1371 2151 2
1387 2129 1395 2150 ε
1415 2132 1429 2147 r<
1441 2117 1564 2160 Quum

182 2178 454 2214 Lacedaemonii
467 2178 676 2226 Agesilaum
689 2179 867 2214 bellatum
888 2179 1073 2213 misissent
1096 2177 1135 2212 in
1156 2178 1283 2213 Asiam
1295 2205 1304 2222 ,
1317 2178 1482 2212 maoeime
1495 2178 1564 2211 im-

175 2240 279 2288 pulsi
295 2252 321 2274 a
349 2239 616 2288 Tissapherne,
638 2240 704 2287 qui
726 2252 772 2274 ex
793 2240 931 2274 intimis
954 2240 1052 2287 regis
1077 2239 1124 2274 ab
1137 2239 1298 2274 amicitia
1319 2238 1395 2284 ejus
1415 2238 1564 2273 defece-

182 2307 259 2344 rat,
278 2308 314 2336 et
332 2313 414 2336 cum
433 2301 723 2335 Lacedaemoniis
742 2300 880 2336 coierat
894 2301 1124 2344 societatem3
1142 2301 1240 2334 hunc
1259 2299 1434 2334 adversus
1452 2299 1567 2334 Phar-

183 2362 345 2398 nabazus
375 2361 522 2397 habitus
551 2369 604 2396 est
627 2362 852 2409 imperator,
874 2374 914 2396 re
943 2361 1092 2408 quidem
1117 2373 1204 2396 vera
1227 2360 1403 2395 exercitui
1422 2360 1567 2408 praefuit

185 2425 330 2459 Conon.
357 2439 372 2455 υ
396 2424 441 2459 Et
463 2436 541 2471 cap.
563 2436 613 2458 111
636 2437 644 2457 :
669 2440 684 2455 «
706 2423 901 2458 Defecerat
925 2435 944 2457 a
966 2435 1053 2470 rege
1071 2422 1355 2470 Tissaphernes,
1385 2435 1505 2470 neque
1528 2422 1568 2457 id

185 2492 259 2520 tam
284 2485 502 2528 Artaxerxi,
522 2497 631 2532 quam
656 2484 803 2528 ceteris,
827 2491 905 2520 erat
929 2490 1108 2531 apertum.
1131 2499 1147 2514 n

239 2549 326 2583 Haec
350 2547 422 2583 sibi
440 2547 699 2582 contradicunt
711 2574 721 2591 ,
739 2554 800 2582 aut
820 2547 868 2582 ad
893 2546 1088 2581 minimum
1108 2545 1362 2581 contradicere
1382 2545 1566 2581 videntur.

188 2612 231 2645 In
252 2610 327 2645 vita
346 2609 505 2657 Agesilai
524 2609 695 2645 laudibus
720 2609 865 2644 extollit
889 2609 988 2644 hunc
1008 2608 1293 2655 imperatorem,
1317 2607 1418 2654 quod
1441 2607 1570 2642 vicerit

1303 2672 1370 2718 Ῑίι.
