1859 3310
718 181 958 216 EUMENES.
1455 184 1523 218 103

161 263 271 307 fecit.
294 265 405 309 Nam
430 262 591 306 invidia
614 262 796 319 ducum,
821 280 920 306 cum
945 263 1103 323 quibus
1126 273 1238 319 erat,
1263 264 1528 325 perfidiaque

162 341 347 386 militum
371 342 661 387 Macedonum
689 350 1015 398 veteranorum,
1040 358 1176 401 quum
1200 343 1397 403 superior
1419 360 1531 403 proe-

161 419 218 464 lio
244 420 523 474 discessisset,
545 419 767 479 Antigono
790 430 854 463 est
877 420 1066 477 ‹leditus3
1096 437 1232 480 quum
1257 422 1469 464 exercitus
1493 422 1531 464 ei

160 508 226 542 ter
243 509 362 554 ante,
382 499 587 559 separatis
611 499 900 559 temporibus,
921 500 1127 559 jurasset,
1153 516 1196 543 se
1216 515 1316 543 eum
1335 498 1532 543 defensu-

159 594 282 633 rum,
311 593 390 621 nec
414 593 608 636 unquam
632 575 918 621 deserturum.
947 577 1030 622 Sed
1054 587 1174 622 tanta
1196 577 1278 622 fuit
1301 577 1533 622 nonnullo-

158 671 257 698 rum
276 655 447 701 virtutis
465 655 743 712 obtrectatio,
764 665 812 700 ut
831 656 957 700 fidem
976 659 1172 701 amittere
1189 656 1386 714 mallent,
1402 674 1531 717 quam

156 750 256 777 cum
277 750 364 777 non
382 734 579 795 prodere.
598 736 740 794 Atque
759 734 878 778 hune
893 737 1159 797 Antigonus,
1177 753 1313 796 quum
1329 736 1366 781 ei
1387 735 1535 780 fuisset

158 812 479 870 infestissimus,
516 824 839 871 conservasset,
877 816 910 859 si
947 832 1024 876 per
1056 832 1156 859 suos
1194 825 1304 859 esset
1342 814 1535 872 licitum;

158 891 276 951 quod
302 892 358 936 ab
383 891 505 936 nullo
533 909 576 936 se
607 892 704 954 plus
733 893 929 953 adjuvari
960 911 1084 955 posse
1109 893 1374 954 intelligebat
1398 895 1441 936 in
1467 894 1534 937 his

157 971 308 1027 rebus,
338 988 445 1031 quas
474 972 723 1032 impendere
752 973 842 1032 jam
871 974 1106 1034 apparebat
1137 974 1353 1016 omnihus.
1388 973 1536 1016 Immi-

158 1049 320 1094 nebant
347 1051 462 1094 enim
492 1049 716 1107 Seleucus,
743 1053 1047 1111 Lysimachus,
1076 1051 1354 1107 Ptolemaeus,
1381 1051 1537 1112 opibus

153 1128 244 1188 jam
278 1128 486 1186 valentes,
517 1147 618 1173 cum
652 1131 809 1190 quibus
839 1132 877 1174 ei
907 1131 959 1174 de
986 1131 1164 1175 summis
1195 1131 1324 1174 rebus
1352 1140 1445 1174 erat
1476 1130 1538 1174 di-

157 1207 421 1251 micandum.
449 1208 533 1252 Sed
557 1226 646 1253 non
666 1211 780 1270 passi
806 1220 907 1253 sunt
928 1210 993 1266 hi,
1019 1211 1093 1270 qui
1114 1210 1228 1254 circa
1251 1220 1394 1267 erant3
1419 1209 1537 1270 quod

156 1286 382 1345 videbant,
414 1290 609 1332 Eumene
637 1298 834 1350 recepto,
864 1306 1014 1333 omnes
1039 1306 1128 1351 prae
1158 1288 1231 1333 illo
1264 1290 1387 1350 parvi
1416 1289 1537 1333 futu-

157 1383 241 1411 ros.
268 1369 367 1429 Ipse
396 1377 541 1412 autem
570 1369 814 1429 Antigonus
844 1368 951 1413 adeo
979 1379 1071 1413 erat
1095 1370 1316 1426 incensus,
1349 1379 1419 1426 ut,
1456 1370 1539 1413 nisi

159 1464 318 1508 magna
345 1465 420 1509 spe
448 1449 735 1492 maximarum
760 1466 928 1505 rerum,
954 1448 1078 1493 leniri
1102 1466 1190 1492 non
1219 1459 1376 1510 posset.

221 1530 300 1571 XI.
336 1529 509 1587 Itaque,
534 1544 671 1587 quum
691 1545 790 1571 eum
816 1529 859 1572 in
885 1528 1126 1572 custodiam
1148 1528 1353 1585 dedisset,
1374 1537 1415 1572 et
1436 1544 1540 1588 prae-

158 1606 294 1651 fectus
327 1606 559 1650 custodum
590 1608 828 1667 quaesisset,
865 1607 1233 1667 quemadmodum
1261 1607 1421 1650 servari
1452 1605 1538 1650 vel-

158 1685 250 1730 let?
282 1695 332 1730 ut
367 1686 651 1743 acerrimum,
687 1686 848 1746 inquit,
888 1685 1078 1743 leonem,
1115 1696 1189 1729 aut
1224 1686 1538 1730 ferocissimum

157 1765 451 1826 elephantum.
477 1764 687 1810 Nondum
712 1766 827 1809 enim
852 1775 1082 1821 statuerat,
1104 1775 1292 1809 servaret
1315 1782 1435 1821 eum,
1461 1781 1539 1808 nec

158 1861 224 1888 ne.
257 1844 472 1889 Veniebat
502 1854 648 1888 autem
677 1844 732 1888 ad
762 1847 1003 1888 Eumenem
1033 1854 1269 1904 utrumque
1298 1860 1434 1904 genus
1464 1843 1540 1886 ho-

158 1925 352 1982 minum3
387 1934 430 1969 et
461 1925 536 1985 qui
566 1934 747 1986 propter
775 1923 925 1968 odium
962 1924 1154 1968 fructum
1190 1922 1325 1967 oculis
1361 1941 1412 1967 ex
1446 1922 1538 1982 ejus

158 2021 260 2049 casu
290 2021 444 2066 capere
474 2003 653 2060 vellent3
687 2014 728 2048 et
761 2005 836 2063 qui
872 2013 1051 2064 propter
1081 2013 1271 2047 veterem
1306 2003 1540 2047 amicitiam

159 2076 370 2144 colloqui,
403 2082 703 2144 consolarique
734 2093 944 2144 cuperent
969 2100 977 2125 ε
1004 2081 1130 2125 multi
1163 2083 1312 2138 etiam,
1344 2082 1418 2142 qui
1447 2082 1539 2141 ejus

158 2163 345 2207 formam
376 2180 635 2224 cognoscere
664 2163 916 2219 studebant,
945 2161 1084 2222 qualis
1113 2172 1243 2218 esset,
1274 2178 1402 2222 quem
1432 2170 1540 2203 tam-

157 2243 235 2287 -diu
266 2253 442 2303 tamque
465 2242 588 2287 valde
621 2244 886 2299 timuissent,
912 2242 1036 2301 cujus
1067 2243 1111 2285 in
1136 2242 1326 2302 pernicie
1354 2241 1539 2301 positam

161 2339 281 2384 spem
304 2323 557 2366 habuissent
579 2323 780 2366 victoriae.
807 2324 863 2367 At
883 2324 1120 2376 Eumenes,
1145 2337 1281 2380 quum
1308 2319 1470 2362 diutius
1494 2319 1539 2361 in

165 2401 345 2445 vinculis
369 2412 501 2457 esset,
529 2402 589 2445 ait
614 2402 922 2457 Onomarcho,
949 2417 1079 2461 penes
1107 2416 1235 2459 quem
1267 2415 1435 2442 summa
1463 2398 1541 2440 im-

163 2482 270 2543 perii
295 2491 387 2525 erat
416 2481 641 2537 custodiae,
673 2498 717 2525 se
747 2481 914 2537 mirari,
945 2496 1078 2540 quare
1100 2479 1191 2539 jam
1220 2479 1397 2522 tertium
1427 2477 1539 2520 diem

166 2562 222 2606 sic
247 2571 487 2619 teneretur-3
513 2578 602 2606 non
626 2562 739 2605 enim
764 2560 847 2605 hoc
869 2560 1101 2604 convenire
1123 2558 1331 2619 Antigoni
1355 2555 1545 2618 pruden-
