<?xml version="1.0" encoding="UTF-8"?>
<!DOCTYPE html PUBLIC "-//W3C//DTD XHTML 1.0 Transitional//EN"
    "http://www.w3.org/TR/xhtml1/DTD/xhtml1-transitional.dtd">
<html xmlns="http://www.w3.org/1999/xhtml" xml:lang="en" lang="en">
 <head>
  <title>
</title>
<meta http-equiv="Content-Type" content="text/html;charset=utf-8" />
  <meta name='ocr-system' content='tesseract 3.04.00' />
  <meta name='ocr-capabilities' content='ocr_page ocr_carea ocr_par ocr_line ocrx_word'/>
</head>
<body>
  <div class='ocr_page' id='page_1' title='image "./operanepo00nepouoft_0170.png"; bbox 0 0 1859 3310; ppageno 0'>
   <div class='ocr_carea' id='block_1_1' title="bbox 343 206 1244 243">
    <p class='ocr_par' dir='ltr' id='par_1_1' title="bbox 343 206 1244 243">
     <span class='ocr_line' id='line_1_1' title="bbox 343 206 1244 243; baseline -0.002 -2"><span class='ocrx_word' id='word_1_1' title='bbox 343 218 351 238; x_wconf 90' lang='lat'>1</span> <span class='ocrx_word' id='word_1_2' title='bbox 365 206 408 241; x_wconf 72' lang='lat'>32</span> <span class='ocrx_word' id='word_1_3' title='bbox 787 208 1015 243; x_wconf 79' lang='lat' dir='ltr'>CORNELII</span> <span class='ocrx_word' id='word_1_4' title='bbox 1045 206 1244 240; x_wconf 71' lang='lat' dir='ltr'>NEPOTIS</span> 
     </span>
    </p>
   </div>
   <div class='ocr_carea' id='block_1_2' title="bbox 336 283 1692 819">
    <p class='ocr_par' dir='ltr' id='par_1_2' title="bbox 336 283 1690 586">
     <span class='ocr_line' id='line_1_2' title="bbox 400 283 1688 351; baseline -0.009 -16"><span class='ocrx_word' id='word_1_5' title='bbox 400 290 634 336; x_wconf 77' lang='lat' dir='ltr'>Alexander</span> <span class='ocrx_word' id='word_1_6' title='bbox 674 294 859 351; x_wconf 82' lang='lat' dir='ltr'>Magnus</span> <span class='ocrx_word' id='word_1_7' title='bbox 900 290 1022 334; x_wconf 67' lang='lat' dir='ltr'>Pellae</span> <span class='ocrx_word' id='word_1_8' title='bbox 1064 291 1221 341; x_wconf 76' lang='lat' dir='ltr'>oritur,</span> <span class='ocrx_word' id='word_1_9' title='bbox 1265 297 1311 329; x_wconf 89' lang='lat' dir='ltr'>ut</span> <span class='ocrx_word' id='word_1_10' title='bbox 1354 287 1498 344; x_wconf 81' lang='lat' dir='ltr'><strong>Nepos</strong></span> <span class='ocrx_word' id='word_1_11' title='bbox 1536 283 1688 335; x_wconf 84' lang='lat' dir='ltr'><strong>edidit,</strong></span> 
     </span>
     <span class='ocr_line' id='line_1_3' title="bbox 337 362 1689 424; baseline -0.006 -13"><span class='ocrx_word' id='word_1_12' title='bbox 337 372 394 412; x_wconf 83' lang='lat' dir='ltr'>M.</span> <span class='ocrx_word' id='word_1_13' title='bbox 440 371 569 413; x_wconf 88' lang='lat' dir='ltr'>Fabio</span> <span class='ocrx_word' id='word_1_14' title='bbox 611 371 839 420; x_wconf 80' lang='lat' dir='ltr'>Ambusto,</span> <span class='ocrx_word' id='word_1_15' title='bbox 881 370 977 412; x_wconf 85' lang='lat' dir='ltr'>Tito</span> <span class='ocrx_word' id='word_1_16' title='bbox 1023 369 1229 424; x_wconf 87' lang='lat' dir='ltr'>Quinctio</span> <span class='ocrx_word' id='word_1_17' title='bbox 1279 362 1524 424; x_wconf 89' lang='lat' dir='ltr'>Capitolino</span> <span class='ocrx_word' id='word_1_18' title='bbox 1563 377 1689 414; x_wconf 70' lang='lat' dir='ltr'>coss,</span> 
     </span>
     <span class='ocr_line' id='line_1_4' title="bbox 336 440 1690 508; baseline -0.007 -17"><span class='ocrx_word' id='word_1_19' title='bbox 336 458 432 508; x_wconf 87' lang='lat' dir='ltr'>post</span> <span class='ocrx_word' id='word_1_20' title='bbox 471 451 652 491; x_wconf 88' lang='lat' dir='ltr'>Romam</span> <span class='ocrx_word' id='word_1_21' title='bbox 688 447 903 490; x_wconf 87' lang='lat' dir='ltr'>conditam</span> <span class='ocrx_word' id='word_1_22' title='bbox 944 463 1058 489; x_wconf 84' lang='lat' dir='ltr'>anno</span> <span class='ocrx_word' id='word_1_23' title='bbox 1096 445 1391 489; x_wconf 83' lang='lat' dir='ltr'>trecentesimo</span> <span class='ocrx_word' id='word_1_24' title='bbox 1428 440 1690 500; x_wconf 86' lang='lat' dir='ltr'>octogesimo</span> 
     </span>
     <span class='ocr_line' id='line_1_5' title="bbox 336 525 1052 586; baseline -0.004 -17"><span class='ocrx_word' id='word_1_25' title='bbox 336 528 500 585; x_wconf 87' lang='lat' dir='ltr'>quinto.</span> <span class='ocrx_word' id='word_1_26' title='bbox 526 526 656 570; x_wconf 78' lang='lat' dir='ltr'>Solz&#39;n.</span> <span class='ocrx_word' id='word_1_27' title='bbox 684 525 894 586; x_wconf 69' lang='grc' dir='ltr'>ΡοζγΙιιζςί.</span> <span class='ocrx_word' id='word_1_28' title='bbox 922 541 958 568; x_wconf 93' lang='lat' dir='ltr'>c.</span> <span class='ocrx_word' id='word_1_29' title='bbox 987 541 1052 567; x_wconf 84' lang='lat' dir='ltr'>xL.</span> 
     </span>
    </p>

    <p class='ocr_par' dir='ltr' id='par_1_3' title="bbox 336 599 1692 819">
     <span class='ocr_line' id='line_1_6' title="bbox 400 599 1691 659; baseline -0.005 -13"><span class='ocrx_word' id='word_1_30' title='bbox 400 607 443 646; x_wconf 91' lang='lat' dir='ltr'>P.</span> <span class='ocrx_word' id='word_1_31' title='bbox 471 604 696 646; x_wconf 79' lang='lat' dir='ltr'>Terentius</span> <span class='ocrx_word' id='word_1_32' title='bbox 725 604 907 646; x_wconf 83' lang='lat' dir='ltr'>maxime</span> <span class='ocrx_word' id='word_1_33' title='bbox 938 602 1201 646; x_wconf 82' lang='lat' dir='ltr'>familiariter</span> <span class='ocrx_word' id='word_1_34' title='bbox 1230 603 1334 645; x_wconf 88' lang='lat' dir='ltr'>vixit</span> <span class='ocrx_word' id='word_1_35' title='bbox 1365 617 1462 644; x_wconf 90' lang='lat' dir='ltr'>cum</span> <span class='ocrx_word' id='word_1_36' title='bbox 1492 599 1691 659; x_wconf 86' lang='lat' dir='ltr'>Scipione</span> 
     </span>
     <span class='ocr_line' id='line_1_7' title="bbox 340 679 1692 740; baseline -0.003 -16"><span class='ocrx_word' id='word_1_37' title='bbox 340 682 563 737; x_wconf 77' lang='lat' dir='ltr'>Africano,</span> <span class='ocrx_word' id='word_1_38' title='bbox 595 692 636 724; x_wconf 89' lang='lat' dir='ltr'>et</span> <span class='ocrx_word' id='word_1_39' title='bbox 667 684 714 725; x_wconf 84' lang='lat' dir='ltr'>C.</span> <span class='ocrx_word' id='word_1_40' title='bbox 747 681 893 734; x_wconf 76' lang='lat' dir='ltr'>Laelio,</span> <span class='ocrx_word' id='word_1_41' title='bbox 928 691 1033 736; x_wconf 86' lang='lat' dir='ltr'>etc.,</span> <span class='ocrx_word' id='word_1_42' title='bbox 1066 681 1259 740; x_wconf 89' lang='lat' dir='ltr'>quamvis</span> <span class='ocrx_word' id='word_1_43' title='bbox 1291 679 1517 724; x_wconf 88' lang='lat' dir='ltr'>Cornelius</span> <span class='ocrx_word' id='word_1_44' title='bbox 1548 679 1692 738; x_wconf 89' lang='lat' dir='ltr'>Nepos</span> 
     </span>
     <span class='ocr_line' id='line_1_8' title="bbox 336 759 1533 819; baseline -0.003 -16"><span class='ocrx_word' id='word_1_45' title='bbox 336 759 517 819; x_wconf 84' lang='lat' dir='ltr'>aequales</span> <span class='ocrx_word' id='word_1_46' title='bbox 541 760 669 804; x_wconf 89' lang='lat' dir='ltr'>fuisse</span> <span class='ocrx_word' id='word_1_47' title='bbox 695 760 848 803; x_wconf 84' lang='lat' dir='ltr'>tradat.</span> <span class='ocrx_word' id='word_1_48' title='bbox 876 762 1095 813; x_wconf 75' lang='lat' dir='ltr'>Donatus,</span> <span class='ocrx_word' id='word_1_49' title='bbox 1124 761 1166 802; x_wconf 91' lang='lat' dir='ltr'>in</span> <span class='ocrx_word' id='word_1_50' title='bbox 1196 762 1239 803; x_wconf 89' lang='lat' dir='ltr'><em>V</em></span> <span class='ocrx_word' id='word_1_51' title='bbox 1242 761 1303 801; x_wconf 74' lang='lat' dir='ltr'>ita</span> <span class='ocrx_word' id='word_1_52' title='bbox 1336 759 1533 802; x_wconf 74' lang='lat' dir='ltr'>Terentii.</span> 
     </span>
    </p>
   </div>
   <div class='ocr_carea' id='block_1_3' title="bbox 736 943 1294 988">
    <p class='ocr_par' dir='ltr' id='par_1_4' title="bbox 736 943 1294 988">
     <span class='ocr_line' id='line_1_9' title="bbox 736 943 1294 988; baseline -0.005 0"><span class='ocrx_word' id='word_1_53' title='bbox 736 945 1014 988; x_wconf 88' lang='lat' dir='ltr'>CORNELII</span> <span class='ocrx_word' id='word_1_54' title='bbox 1048 943 1294 987; x_wconf 88' lang='lat' dir='ltr'>NEPOTIS</span> 
     </span>
    </p>
   </div>
   <div class='ocr_carea' id='block_1_4' title="bbox 785 1080 1244 1111">
    <p class='ocr_par' dir='ltr' id='par_1_5' title="bbox 785 1080 1244 1111">
     <span class='ocr_line' id='line_1_10' title="bbox 785 1080 1244 1111; baseline 0 -1"><span class='ocrx_word' id='word_1_55' title='bbox 785 1081 1078 1111; x_wconf 80' lang='lat' dir='ltr'>EXEMPLORUM</span> <span class='ocrx_word' id='word_1_56' title='bbox 1103 1081 1177 1110; x_wconf 89' lang='lat' dir='ltr'>LIB.</span> <span class='ocrx_word' id='word_1_57' title='bbox 1202 1080 1244 1110; x_wconf 90' lang='lat'>11.</span> 
     </span>
    </p>
   </div>
   <div class='ocr_carea' id='block_1_5' title="bbox 400 1225 1692 1290">
    <p class='ocr_par' dir='ltr' id='par_1_6' title="bbox 400 1225 1692 1290">
     <span class='ocr_line' id='line_1_11' title="bbox 400 1225 1692 1290; baseline -0.003 -19"><span class='ocrx_word' id='word_1_58' title='bbox 400 1231 452 1272; x_wconf 94' lang='grc' dir='ltr'>ΙΙ.</span> <span class='ocrx_word' id='word_1_59' title='bbox 462 1233 499 1273; x_wconf 72' lang='grc' dir='ltr'><strong>Α</strong></span> <span class='ocrx_word' id='word_1_60' title='bbox 508 1231 671 1289; x_wconf 78' lang='lat' dir='ltr'>virgine</span> <span class='ocrx_word' id='word_1_61' title='bbox 680 1229 864 1273; x_wconf 87' lang='lat' dir='ltr'>Vestale.</span> <span class='ocrx_word' id='word_1_62' title='bbox 878 1232 1102 1290; x_wconf 79' lang='lat' dir='ltr'>Sosipater</span> <span class='ocrx_word' id='word_1_63' title='bbox 1110 1228 1350 1281; x_wconf 75' lang='lat' dir='ltr'>Charisius,</span> <span class='ocrx_word' id='word_1_64' title='bbox 1367 1225 1438 1269; x_wconf 89' lang='lat' dir='ltr'>lib.</span> <span class='ocrx_word' id='word_1_65' title='bbox 1452 1242 1464 1270; x_wconf 95' lang='lat'>1</span> <span class='ocrx_word' id='word_1_66' title='bbox 1476 1260 1486 1282; x_wconf 87' lang='lat'>,</span> <span class='ocrx_word' id='word_1_67' title='bbox 1496 1225 1575 1269; x_wconf 87' lang='lat' dir='ltr'>col.</span> <span class='ocrx_word' id='word_1_68' title='bbox 1596 1242 1607 1268; x_wconf 91' lang='lat'>1</span> <span class='ocrx_word' id='word_1_69' title='bbox 1626 1242 1639 1268; x_wconf 89' lang='lat'>1</span> <span class='ocrx_word' id='word_1_70' title='bbox 1650 1242 1692 1286; x_wconf 76' lang='lat'>9.</span> 
     </span>
    </p>
   </div>
   <div class='ocr_carea' id='block_1_6' title="bbox 339 1308 1101 1424">
    <p class='ocr_par' dir='ltr' id='par_1_7' title="bbox 339 1308 1101 1424">
     <span class='ocr_line' id='line_1_12' title="bbox 339 1308 516 1351; baseline 0.006 -1"><span class='ocrx_word' id='word_1_71' title='bbox 339 1308 516 1351; x_wconf 72' lang='lat' dir='ltr'>Putsclz.</span> 
     </span>
     <span class='ocr_line' id='line_1_13' title="bbox 940 1396 1101 1424; baseline -0.006 -1"><span class='ocrx_word' id='word_1_72' title='bbox 940 1397 986 1424; x_wconf 84' lang='lat' dir='ltr'>LI</span> <span class='ocrx_word' id='word_1_73' title='bbox 997 1397 1032 1423; x_wconf 85' lang='lat' dir='ltr'>B.</span> <span class='ocrx_word' id='word_1_74' title='bbox 1062 1396 1101 1422; x_wconf 89' lang='lat' dir='ltr'>v.</span> 
     </span>
    </p>
   </div>
   <div class='ocr_carea' id='block_1_7' title="bbox 335 1528 1699 2136">
    <p class='ocr_par' dir='ltr' id='par_1_8' title="bbox 335 1528 1699 2136">
     <span class='ocr_line' id='line_1_14' title="bbox 397 1528 1697 1592; baseline -0.002 -19"><span class='ocrx_word' id='word_1_75' title='bbox 397 1531 623 1575; x_wconf 82' lang='lat' dir='ltr'>Cornelius</span> <span class='ocrx_word' id='word_1_76' title='bbox 650 1534 795 1592; x_wconf 88' lang='lat' dir='ltr'>Nepos</span> <span class='ocrx_word' id='word_1_77' title='bbox 819 1534 863 1575; x_wconf 89' lang='lat' dir='ltr'>in</span> <span class='ocrx_word' id='word_1_78' title='bbox 891 1531 1000 1575; x_wconf 84' lang='lat' dir='ltr'>libro</span> <span class='ocrx_word' id='word_1_79' title='bbox 1027 1530 1322 1592; x_wconf 82' lang='lat' dir='ltr'>exemplorum</span> <span class='ocrx_word' id='word_1_80' title='bbox 1346 1531 1498 1590; x_wconf 89' lang='lat' dir='ltr'>quinto</span> <span class='ocrx_word' id='word_1_81' title='bbox 1522 1528 1566 1572; x_wconf 90' lang='lat' dir='ltr'>id</span> <span class='ocrx_word' id='word_1_82' title='bbox 1590 1544 1697 1588; x_wconf 91' lang='lat' dir='ltr'>quo-</span> 
     </span>
     <span class='ocr_line' id='line_1_15' title="bbox 336 1608 1697 1670; baseline -0.001 -19"><span class='ocrx_word' id='word_1_83' title='bbox 336 1626 418 1667; x_wconf 87' lang='lat' dir='ltr'>que</span> <span class='ocrx_word' id='word_1_84' title='bbox 443 1609 596 1654; x_wconf 86' lang='lat' dir='ltr'>litteris</span> <span class='ocrx_word' id='word_1_85' title='bbox 626 1611 870 1667; x_wconf 86' lang='lat' dir='ltr'>mandavit,</span> <span class='ocrx_word' id='word_1_86' title='bbox 899 1611 1045 1655; x_wconf 85' lang='lat' dir='ltr'>multis</span> <span class='ocrx_word' id='word_1_87' title='bbox 1074 1613 1119 1655; x_wconf 89' lang='lat' dir='ltr'>in</span> <span class='ocrx_word' id='word_1_88' title='bbox 1145 1620 1295 1654; x_wconf 89' lang='lat' dir='ltr'>senatu</span> <span class='ocrx_word' id='word_1_89' title='bbox 1320 1608 1550 1670; x_wconf 85' lang='lat' dir='ltr'>placuisse,</span> <span class='ocrx_word' id='word_1_90' title='bbox 1576 1618 1624 1651; x_wconf 92' lang='lat' dir='ltr'>ut</span> <span class='ocrx_word' id='word_1_91' title='bbox 1650 1609 1697 1661; x_wconf 90' lang='lat' dir='ltr'>ii,</span> 
     </span>
     <span class='ocr_line' id='line_1_16' title="bbox 336 1687 1697 1747; baseline -0.001 -16"><span class='ocrx_word' id='word_1_92' title='bbox 336 1690 409 1746; x_wconf 86' lang='lat' dir='ltr'>qui</span> <span class='ocrx_word' id='word_1_93' title='bbox 441 1689 580 1733; x_wconf 86' lang='lat' dir='ltr'>redire</span> <span class='ocrx_word' id='word_1_94' title='bbox 606 1689 789 1747; x_wconf 92' lang='lat' dir='ltr'>nollent,</span> <span class='ocrx_word' id='word_1_95' title='bbox 821 1691 930 1734; x_wconf 85' lang='lat' dir='ltr'>datis</span> <span class='ocrx_word' id='word_1_96' title='bbox 956 1690 1206 1735; x_wconf 87' lang='lat' dir='ltr'>custodibus</span> <span class='ocrx_word' id='word_1_97' title='bbox 1233 1689 1287 1732; x_wconf 89' lang='lat' dir='ltr'>ad</span> <span class='ocrx_word' id='word_1_98' title='bbox 1315 1687 1599 1732; x_wconf 89' lang='lat' dir='ltr'>Hannibalem</span> <span class='ocrx_word' id='word_1_99' title='bbox 1625 1687 1697 1730; x_wconf 92' lang='lat' dir='ltr'>de-</span> 
     </span>
     <span class='ocr_line' id='line_1_17' title="bbox 335 1766 1698 1828; baseline -0.001 -19"><span class='ocrx_word' id='word_1_100' title='bbox 335 1767 615 1823; x_wconf 79' lang='lat' dir='ltr'>ducerentur3</span> <span class='ocrx_word' id='word_1_101' title='bbox 645 1770 718 1813; x_wconf 89' lang='lat' dir='ltr'>sed</span> <span class='ocrx_word' id='word_1_102' title='bbox 744 1786 836 1813; x_wconf 85' lang='lat' dir='ltr'>eam</span> <span class='ocrx_word' id='word_1_103' title='bbox 868 1770 1118 1814; x_wconf 87' lang='lat' dir='ltr'>sententiam</span> <span class='ocrx_word' id='word_1_104' title='bbox 1151 1784 1331 1812; x_wconf 90' lang='lat' dir='ltr'>numero</span> <span class='ocrx_word' id='word_1_105' title='bbox 1366 1766 1577 1828; x_wconf 82' lang='lat' dir='ltr'>plurium,</span> <span class='ocrx_word' id='word_1_106' title='bbox 1603 1767 1698 1826; x_wconf 88' lang='lat' dir='ltr'>qui-</span> 
     </span>
     <span class='ocr_line' id='line_1_18' title="bbox 336 1845 1699 1909; baseline 0 -21"><span class='ocrx_word' id='word_1_107' title='bbox 336 1846 414 1889; x_wconf 88' lang='lat' dir='ltr'>bus</span> <span class='ocrx_word' id='word_1_108' title='bbox 432 1847 474 1889; x_wconf 89' lang='lat' dir='ltr'>id</span> <span class='ocrx_word' id='word_1_109' title='bbox 497 1864 583 1890; x_wconf 92' lang='lat' dir='ltr'>non</span> <span class='ocrx_word' id='word_1_110' title='bbox 605 1848 836 1904; x_wconf 81' lang='lat' dir='ltr'>videretur,</span> <span class='ocrx_word' id='word_1_111' title='bbox 857 1858 1121 1909; x_wconf 72' lang='lat' dir='ltr'>superatam,</span> <span class='ocrx_word' id='word_1_112' title='bbox 1143 1865 1214 1891; x_wconf 92' lang='lat' dir='ltr'>eos</span> <span class='ocrx_word' id='word_1_113' title='bbox 1236 1857 1396 1902; x_wconf 83' lang='lat' dir='ltr'>tamen,</span> <span class='ocrx_word' id='word_1_114' title='bbox 1420 1847 1494 1906; x_wconf 91' lang='lat' dir='ltr'>qui</span> <span class='ocrx_word' id='word_1_115' title='bbox 1511 1845 1565 1888; x_wconf 88' lang='lat' dir='ltr'>ad</span> <span class='ocrx_word' id='word_1_116' title='bbox 1584 1849 1699 1889; x_wconf 88' lang='lat' dir='ltr'>Han-</span> 
     </span>
     <span class='ocr_line' id='line_1_19' title="bbox 337 1924 1698 1987; baseline 0 -20"><span class='ocrx_word' id='word_1_117' title='bbox 337 1924 520 1969; x_wconf 84' lang='lat' dir='ltr'>nibalem</span> <span class='ocrx_word' id='word_1_118' title='bbox 537 1942 625 1970; x_wconf 89' lang='lat' dir='ltr'>non</span> <span class='ocrx_word' id='word_1_119' title='bbox 642 1927 871 1983; x_wconf 88' lang='lat' dir='ltr'>redissent,</span> <span class='ocrx_word' id='word_1_120' title='bbox 894 1944 1030 1987; x_wconf 86' lang='lat' dir='ltr'>usque</span> <span class='ocrx_word' id='word_1_121' title='bbox 1047 1927 1153 1971; x_wconf 90' lang='lat' dir='ltr'>adeo</span> <span class='ocrx_word' id='word_1_122' title='bbox 1174 1924 1435 1970; x_wconf 87' lang='lat' dir='ltr'>intestabiles</span> <span class='ocrx_word' id='word_1_123' title='bbox 1453 1925 1698 1983; x_wconf 83' lang='lat' dir='ltr'>invisosque</span> 
     </span>
     <span class='ocr_line' id='line_1_20' title="bbox 335 2004 1697 2067; baseline 0.001 -22"><span class='ocrx_word' id='word_1_124' title='bbox 335 2004 483 2059; x_wconf 88' lang='lat' dir='ltr'>fuisse,</span> <span class='ocrx_word' id='word_1_125' title='bbox 511 2015 560 2048; x_wconf 91' lang='lat' dir='ltr'>ut</span> <span class='ocrx_word' id='word_1_126' title='bbox 584 2006 760 2050; x_wconf 85' lang='lat' dir='ltr'>taedium</span> <span class='ocrx_word' id='word_1_127' title='bbox 779 2007 876 2050; x_wconf 87' lang='lat' dir='ltr'>vitae</span> <span class='ocrx_word' id='word_1_128' title='bbox 903 2007 1112 2067; x_wconf 86' lang='lat' dir='ltr'>ceperint,</span> <span class='ocrx_word' id='word_1_129' title='bbox 1132 2021 1362 2065; x_wconf 87' lang='lat' dir='ltr'>necemque</span> <span class='ocrx_word' id='word_1_130' title='bbox 1382 2005 1462 2048; x_wconf 90' lang='lat' dir='ltr'>sibi</span> <span class='ocrx_word' id='word_1_131' title='bbox 1482 2004 1697 2047; x_wconf 88' lang='lat' dir='ltr'>conscive-</span> 
     </span>
     <span class='ocr_line' id='line_1_21' title="bbox 337 2083 963 2136; baseline 0.005 -12"><span class='ocrx_word' id='word_1_132' title='bbox 337 2083 434 2125; x_wconf 81' lang='lat' dir='ltr'>rint.</span> <span class='ocrx_word' id='word_1_133' title='bbox 471 2084 653 2136; x_wconf 76' lang='lat' dir='ltr'>Gellius,</span> <span class='ocrx_word' id='word_1_134' title='bbox 679 2100 762 2135; x_wconf 83' lang='lat' dir='ltr'>vn,</span> <span class='ocrx_word' id='word_1_135' title='bbox 793 2085 862 2136; x_wconf 89' lang='lat'>18,</span> <span class='ocrx_word' id='word_1_136' title='bbox 899 2101 963 2128; x_wconf 93' lang='lat'>11.</span> 
     </span>
    </p>
   </div>
   <div class='ocr_carea' id='block_1_8' title="bbox 735 2268 1301 2311">
    <p class='ocr_par' dir='ltr' id='par_1_9' title="bbox 735 2268 1301 2311">
     <span class='ocr_line' id='line_1_22' title="bbox 735 2268 1301 2311; baseline 0.002 -1"><span class='ocrx_word' id='word_1_137' title='bbox 735 2268 1018 2311; x_wconf 89' lang='lat' dir='ltr'>CORNELII</span> <span class='ocrx_word' id='word_1_138' title='bbox 1053 2268 1301 2311; x_wconf 90' lang='lat' dir='ltr'>NEPOTIS</span> 
     </span>
    </p>
   </div>
   <div class='ocr_carea' id='block_1_9' title="bbox 692 2406 1339 2436">
    <p class='ocr_par' dir='ltr' id='par_1_10' title="bbox 692 2406 1339 2436">
     <span class='ocr_line' id='line_1_23' title="bbox 692 2406 1339 2436; baseline 0.003 -2"><span class='ocrx_word' id='word_1_139' title='bbox 692 2406 948 2436; x_wconf 84' lang='lat' dir='ltr'>ILLUSTRIUM</span> <span class='ocrx_word' id='word_1_140' title='bbox 973 2406 1173 2436; x_wconf 83' lang='lat' dir='ltr'>VIRORUM</span> <span class='ocrx_word' id='word_1_141' title='bbox 1199 2406 1272 2436; x_wconf 87' lang='lat' dir='ltr'>LIB.</span> <span class='ocrx_word' id='word_1_142' title='bbox 1301 2407 1339 2436; x_wconf 84' lang='lat'>11.</span> 
     </span>
    </p>
   </div>
   <div class='ocr_carea' id='block_1_10' title="bbox 395 2553 1403 2615">
    <p class='ocr_par' dir='ltr' id='par_1_11' title="bbox 395 2553 1403 2615">
     <span class='ocr_line' id='line_1_24' title="bbox 395 2553 1403 2615; baseline 0.003 -20"><span class='ocrx_word' id='word_1_143' title='bbox 395 2555 472 2595; x_wconf 89' lang='lat'><em>111.</em></span> <span class='ocrx_word' id='word_1_144' title='bbox 510 2555 714 2598; x_wconf 88' lang='lat' dir='ltr'>Subinde.</span> <span class='ocrx_word' id='word_1_145' title='bbox 744 2557 991 2609; x_wconf 74' lang='lat' dir='ltr'>Charisius,</span> <span class='ocrx_word' id='word_1_146' title='bbox 1019 2557 1090 2600; x_wconf 89' lang='lat' dir='ltr'>lib.</span> <span class='ocrx_word' id='word_1_147' title='bbox 1117 2573 1172 2610; x_wconf 89' lang='lat'>11,</span> <span class='ocrx_word' id='word_1_148' title='bbox 1195 2556 1274 2599; x_wconf 91' lang='lat' dir='ltr'>col.</span> <span class='ocrx_word' id='word_1_149' title='bbox 1307 2553 1403 2615; x_wconf 85' lang='lat'>195.</span> 
     </span>
    </p>
   </div>
  </div>
 </body>
</html>
