1859 3310
680 244 968 278 ALCIBIADES.
1458 249 1502 283 35

141 323 284 368 dicare
305 334 606 379 consueverat,
630 340 717 367 non
742 324 948 369 adversus
976 326 1185 385 patriam,
1205 326 1278 370 sed
1308 328 1503 373 inimicos

140 419 259 459 suos,
280 402 442 446 bellum
465 404 623 463 gessit;
649 403 799 462 «quod
823 404 952 447 iidem
975 404 1117 448 hostes
1145 415 1286 449 essent
1310 407 1501 452 civitati:

142 499 259 538 nam,
291 498 426 543 quum
463 480 778 542 intelligerent,
810 499 853 526 se
883 482 1122 543 plurimum
1151 485 1354 544 prodesse
1381 502 1504 547 posse

141 560 404 621 reipublicae,
433 577 484 604 ex
507 576 556 604 ea
581 561 770 620 ejecisse,
794 560 976 622 plusque
1001 563 1072 606 irae
1095 580 1201 617 suae,
1227 581 1358 624 quam
1381 564 1502 609 utili-

140 640 214 683 tati
237 641 485 696 communi,
508 640 749 701 paruisse.»
772 643 924 701 Itaque
946 641 1076 702 hujus
1099 642 1281 687 consilio
1303 643 1502 688 Lacedae-

138 720 271 762 monii
303 735 401 763 cum
432 721 663 764 Persarum
697 736 796 781 rege
829 720 1062 764 amicitiam
1098 721 1316 778 fecerunt3
1347 722 1502 769 deinde

140 797 355 843 Deceliam
393 799 438 842 in
470 799 615 843 Attica
660 801 935 854 munierunt,
968 800 1252 861 praesidioque
1291 813 1502 864 perpetuo

138 878 194 921 ibi
218 880 359 939 posito
378 878 422 921 in
439 879 665 923 obsidione
679 879 870 922 Athenas
888 889 1134 923 tenuerunt.
1150 881 1355 941 Ejusdem
1371 899 1501 943 opera

139 959 302 1001 Ioniam
327 973 351 1000 a
378 957 580 1004 societate
607 968 858 1004 averterunt
881 958 1212 1004 Atheniensium
1231 977 1344 1020 :quo
1366 962 1500 1021 factu,

136 1035 273 1079 multo
299 1038 541 1097 superiores
562 1037 677 1080 bello
702 1055 791 1081 esse
814 1049 1052 1099 coeperunt.
1396 1031 1399 1034 Α

196 1117 249 1160 V.
279 1115 432 1175 Neque
457 1132 560 1159 vero
590 1116 656 1159 his
689 1117 817 1160 rebus
856 1127 940 1160 tam
981 1118 1108 1161 amici
1146 1117 1360 1162 Alcibiadi
1400 1129 1495 1161 sun!

134 1194 253 1251 facti,
282 1211 412 1255 quam
437 1195 591 1238 timore
615 1195 668 1238 ab
692 1212 742 1239 eo
765 1195 954 1241 alienati.
975 1197 1114 1252 Nam,
1137 1212 1272 1256 quum
1299 1197 1498 1241 acerrimi

134 1275 216 1318 viri
242 1285 517 1336 praestantem
537 1274 813 1335 prudentiam
833 1277 877 1319 in
901 1277 1103 1320 omnibus
1121 1275 1248 1320 rebus
1268 1292 1498 1337 cognosce-

133 1363 248 1411 rent,
263 1356 602 1416 pertimuerunt‚
622 1372 696 1411 ne,
711 1357 889 1400 caritate
904 1357 1053 1417 patriae
1070 1356 1246 1412 ductus,
1264 1355 1499 1416 aliquando

132 1434 184 1478 ab
201 1434 302 1495 ipsis
327 1434 602 1490 descisceret,
627 1445 668 1479 et
691 1452 791 1479 cum
820 1436 906 1479 suis
936 1436 981 1479 in
1003 1437 1188 1497 gratiam
1213 1435 1385 1480 rediret.
1414 1438 1499 1479 Ita-

130 1530 214 1573 que
243 1523 413 1575 tempus
444 1515 534 1575 ejus
575 1514 862 1559 interficiendi
901 1531 1093 1574 quaerere
1120 1516 1415 1559 instituerunt.
1449 1516 1498 1559 Id

135 1592 344 1638 Alcibiadi
377 1593 540 1638 diutius
568 1593 697 1638 celari
721 1611 809 1637 non
834 1596 978 1654 potuit
1008 1611 1016 1636 :
1044 1604 1136 1638 erat
1163 1595 1278 1638 enim
1304 1611 1353 1637 ea
1377 1611 1498 1655 saga-

129 1673 278 1727 citate,
309 1682 358 1715 ut
391 1672 533 1733 decipi
563 1689 651 1717 non
683 1683 847 1734 posset,
876 1674 1115 1733 praesertim
1138 1689 1272 1732 quum
1304 1675 1496 1716 animum

129 1751 380 1796 attendisset
405 1752 459 1795 ad
481 1752 736 1796 cavendum.
762 1754 915 1812 Itaque
937 1752 992 1796 ad
1018 1752 1372 1812 Tissaphernem,
1390 1769 1498 1812 prae-

130 1831 288 1876 fectum
311 1831 423 1892 regis
449 1833 593 1886 Darii,
619 1848 662 1876 se
689 1831 888 1876 contulit.
910 1833 1047 1892 Cujus
1071 1848 1204 1891 quum
1228 1832 1272 1873 in
1299 1832 1497 1873 intimam

128 1912 362 1955 amicitiam
386 1912 673 1972 pervenisset,
704 1921 747 1955 et
772 1912 1126 1966 Atheniensium,
1148 1908 1261 1954 male
1288 1912 1417 1971 gestis
1454 1911 1497 1953 in

128 1990 271 2035 Sicilia
307 1991 458 2047 rebus,
492 2008 594 2051 opes
625 2007 865 2046 senescere,
889 2001 1042 2034 contra
1070 1990 1498 2034 Lacedaemoniorum

128 2087 318 2115 crescere
339 2070 505 2114 videret
523 2087 534 2125 3
557 2071 682 2113 initio
707 2087 806 2113 cum
828 2070 1041 2113 Pisandro
1063 2080 1266 2130 praetore,
1289 2071 1363 2129 qui
1382 2068 1499 2129 apud

129 2151 304 2194 Samum
320 2152 556 2194 exercitum
577 2150 783 2205 habebat,
805 2166 881 2210 per
904 2151 1196 2193 internuntios
1213 2148 1497 2209 colloquitur,

129 2240 172 2273 et
192 2229 245 2274 de
265 2230 407 2274 reditu
430 2246 508 2274 suo
536 2230 639 2274 facit
656 2231 936 2273 mentionem.
963 2233 1067 2274 Erat
1084 2230 1199 2272 enim
1217 2229 1388 2283 eodem,
1412 2245 1498 2288 quo

133 2309 392 2365 Alcibiades,
419 2327 565 2364 sensu,
594 2309 745 2370 populi
770 2310 973 2369 potentiae
992 2325 1080 2352 non
1109 2310 1292 2363 amicus,
1316 2318 1359 2351 et
1383 2309 1498 2368 opti-

134 2400 294 2434 matum
316 2389 470 2433 fautor.
492 2390 556 2433 Ab
574 2389 658 2433 hoc
681 2389 932 2443 destitutus,
946 2389 1138 2448 primum
1158 2404 1235 2447 per
1252 2387 1499 2446 Thrasybu-

132 2468 240 2526 lum,
264 2470 392 2530 Lycei
419 2468 578 2525 silium,
611 2469 663 2512 ab
689 2469 882 2512 exercitu
922 2468 1150 2527 recipitur,
1175 2477 1419 2526 praetorque
1452 2465 1500 2508 fit

130 2548 247 2609 apud
269 2550 464 2604 Samum;
488 2558 610 2608 post,
637 2548 902 2609 suffragante
924 2548 1213 2597 Theramene,
1237 2544 1499 2606 populiscito

132 2629 393 2681 restituitur,
418 2629 597 2687 parique
619 2628 770 2671 absens
796 2628 978 2686 imperio
998 2625 1228 2685 praeficitur
1251 2624 1378 2669 simul
1399 2641 1496 2669 Cum

1273 2704 1311 2748 3.
