1859 3310
295 187 362 224 104
747 181 975 217 CORNELII
1003 181 1207 218 NEPOTIS

291 268 379 323 tiae,
406 277 454 311 ut
478 269 538 310 sie
561 266 810 311 deuteretur
834 268 948 310 victo
975 284 984 309 :
1011 267 1116 326 quin
1141 276 1216 309 aut
1236 265 1440 321 interfici,
1465 274 1541 308 aut
1566 264 1661 307 mis-

291 363 387 390 sum
416 346 507 391 fieri
531 347 715 406 juberet.
747 348 828 389 Hic
853 363 991 405 quum
1015 346 1199 390 ferocius
1230 343 1511 388 Onomarcho
1540 342 1662 402 loqui

292 426 511 469 videretur
537 443 546 468 :
583 424 767 482 «Quid?
802 435 869 480 tu,
900 426 1059 484 inquit,
1088 426 1232 468 animo
1264 426 1298 468 si
1331 425 1412 467 isto
1440 439 1554 478 eras,
1586 438 1664 465 cur

294 524 380 549 non
411 507 454 549 in
486 504 634 566 proelio
663 504 851 548 cecidisti
880 505 1044 563 potius,
1071 521 1201 564 quam
1231 506 1275 547 in
1304 512 1561 565 potestatem
1592 502 1667 544 ini-

294 586 392 628 mici
419 583 617 628 venires?
637 603 659 624 »
687 584 800 626 Huic
827 585 1041 626 Eumenes
1067 600 1075 626 :
1104 585 1325 627 «Utinam
1350 582 1524 643 quidem
1550 580 1668 624 istud

294 660 532 706 evenisset!
571 663 732 722 inquit3
770 661 843 705 sed
881 678 931 705 eo
963 678 1051 705 non
1087 662 1262 718 accidit,
1293 661 1410 721 quod
1443 676 1669 720 nunquam

295 758 395 785 eum
425 741 604 785 fortiore
629 757 725 784 sum
756 757 1024 801 congressus.
1057 742 1156 785 Non
1182 742 1297 784 enim
1324 757 1425 783 cum
1449 755 1670 800 quoquam

296 836 416 864 arma
440 818 624 876 contuli,
655 821 760 879 quin
785 821 819 863 is
848 820 955 863 mihi
980 820 1259 863 succubuerit
1286 836 1296 862 z
1324 836 1413 862 non
1442 819 1557 861 enim
1589 819 1673 861 vir-

298 909 390 943 tute
414 899 626 956 hostium,
651 899 724 942 sed
754 900 996 944 amicorum
1026 898 1206 959 perfidia
1238 898 1389 941 decidi.
1409 916 1430 938 )>
1454 899 1607 957 Neque
1631 896 1674 939 id

298 978 454 1023 falsum
478 996 487 1022 ε
514 996 615 1022 nam
639 988 681 1022 et
707 979 915 1038 dignitate
940 978 1022 1021 fuit
1047 978 1248 1034 honesta,
1275 987 1318 1020 et
1342 977 1507 1020 viribus
1533 975 1587 1019 ad
1613 974 1675 1019 la-

299 1059 449 1102 borem
469 1058 693 1102 ferendum
711 1058 867 1115 firmis,
884 1073 1023 1118 neque
1041 1067 1130 1101 tam
1148 1073 1307 1117 magno
1327 1072 1529 1117 corpore,
1545 1071 1676 1116 quam

302 1138 443 1198 figura
468 1148 659 1181 venusta.

364 1219 463 1261 XII.
499 1220 566 1261 De
595 1217 677 1260 hoc
706 1218 951 1278 Antigonus
982 1234 1120 1278 quum
1146 1216 1263 1261 solus
1292 1217 1556 1260 constituere
1589 1232 1677 1258 non

303 1295 500 1351 auderet,
533 1295 587 1339 ad
619 1295 850 1340 concilium
881 1296 1042 1340 retulit.
1074 1297 1175 1351 Hic,
1205 1312 1342 1355 quum
1368 1295 1562 1357 plerique
1590 1312 1680 1338 om-

306 1390 378 1417 nes
399 1375 539 1434 primo
560 1374 801 1434 perturbati
822 1375 1162 1432 admirarentur,
1182 1392 1271 1419 non
1287 1375 1377 1434 jam
1395 1374 1447 1418 de
1467 1392 1517 1418 eo
1539 1391 1682 1434 sump-

306 1462 398 1496 tum
425 1469 514 1496 esse
543 1452 825 1514 supplicium,
852 1470 876 1497 a
900 1470 987 1514 quo
1016 1464 1081 1498 tot
1106 1471 1242 1498 annos
1270 1454 1377 1497 adeo
1404 1463 1545 1497 essent
1571 1452 1682 1496 male

306 1532 460 1588 habiti,
493 1541 542 1576 ut
574 1549 684 1593 saepe
719 1532 773 1576 'ad
801 1533 1145 1594 desperationem
1182 1533 1325 1577 forent
1357 1533 1555 1589 adducti,
1587 1533 1683 1593 qui-

307 1628 389 1671 que
412 1613 621 1656 maximos
645 1612 774 1656 duces
799 1612 1098 1669 interfecisset3
1124 1612 1309 1672 denique
1336 1614 1378 1656 iu
1404 1629 1491 1673 quo
1513 1630 1601 1656 uno
1622 1629 1684 1656 es-

308 1701 371 1736 set
399 1701 589 1749 tantum,
617 1702 686 1748 ut,
716 1692 860 1752 quoad
892 1691 961 1736 ille
990 1694 1171 1748 viveret,
1198 1694 1279 1753 ipsi
1307 1693 1446 1736 securi
1476 1709 1565 1736 esse
1595 1709 1682 1735 non

308 1780 505 1831 possent,
530 1771 754 1815 interfecto
783 1770 890 1814 nihil
914 1772 1106 1815 habituri
1135 1773 1297 1832 negotii
1323 1782 1485 1828 esscnt3
1514 1782 1683 1833 postre-

311 1866 401 1907 mo,
431 1851 465 1893 si
498 1848 561 1893 illi
588 1849 784 1893 redderet
816 1849 1017 1907 salutem,
1049 1851 1319 1910 quaerebant,
1350 1852 1508 1911 quibus
1537 1853 1685 1896 amicis

311 1939 420 1972 esset
445 1946 629 1986 usurus3
655 1946 744 1973 sese
767 1930 882 1972 enim
906 1946 1005 1973 cum
1029 1932 1223 1974 Eumene
1247 1930 1365 1991 apud
1387 1947 1487 1974 eum
1511 1948 1599 1974 non
1621 1931 1687 1974 fu-

312 2017 446 2051 turos.
474 2009 575 2065 Hic,
605 2010 778 2069 cognita
806 2007 977 2052 concilii
1006 2007 1252 2066 voluntate,
1286 2019 1430 2053 tamen
1465 2027 1602 2070 usque
1632 2010 1686 2053 ad

314 2088 545 2147 septimum
577 2087 687 2131 diem
720 2087 986 2132 deliberandi
1016 2089 1095 2131 sibi
1131 2090 1319 2148 spatium
1351 2089 1537 2149 reliquit.
1573 2092 1686 2134 Tum

314 2175 482 2223 autem,
516 2184 652 2226 quum
686 2168 776 2226 jam
813 2176 1034 2210 vereretur
1070 2184 1123 2210 ne
1157 2185 1242 2227 qua
1284 2168 1436 2212 seditio
1474 2171 1687 2214 exercitus

316 2246 522 2302 oriretur,
547 2247 683 2290 vetuit
706 2246 759 2289 ad
783 2263 883 2290 eum
908 2263 1170 2306 quemquam
1194 2247 1384 2305 admitti,
1408 2258 1451 2291 et
1474 2249 1688 2309 quotidia-

318 2342 423 2368 num
450 2326 614 2369 victum
640 2326 831 2370 amoveri
852 2326 994 2385 jussit.
1022 2327 1134 2371 Nam
1159 2327 1364 2387 negabat,
1386 2344 1428 2371 se
1452 2329 1489 2371 ei
1514 2329 1600 2371 vim
1628 2329 1688 2373 al-

317 2404 528 2460 laturum,
558 2407 633 2465 qui
664 2404 896 2465 aliquando
928 2405 1077 2449 fuisset
1105 2407 1280 2450 amicus.
1315 2408 1396 2450 Hic
1424 2417 1566 2451 tamen
1599 2425 1686 2452 non

318 2483 523 2544 amplius,
542 2502 673 2544 quam
692 2485 907 2540 triduum,
928 2484 1038 2527 fame
1056 2484 1279 2545 fatigatus,
1298 2503 1433 2546 quum
1448 2497 1586 2530 castra
1599 2505 1687 2531 mo-

320 2572 542 2619 verentur,
566 2564 771 2607 insciente
790 2564 1030 2623 Antigono,
1049 2564 1273 2624 jugulatus
1293 2575 1353 2608 cst
1375 2582 1399 2608 a
1419 2566 1684 2611 custodibus.
