1859 3310
702 228 923 264 ATTICUS.
1429 225 1469 259 13
1478 238 1495 269 7

130 313 294 356 hastam
325 311 545 372 publicam
578 327 803 370 nunquam
838 309 1026 352 accessit.
1061 305 1236 351 Nullius
1267 306 1330 349 rei
1361 322 1501 365 neque

130 408 263 451 praes,
298 408 438 451 neque
471 406 677 450 manceps
710 390 848 433 factus
879 398 954 432 est.
988 387 1221 433 Neminem
1251 401 1391 445 neque
1422 401 1500 427 suo

130 471 327 526 nomine,
350 486 490 529 neque
515 469 814 525 subscribens,
842 469 1075 512 accusavit.
1104 470 1154 511 In
1179 467 1249 528 jus
1275 464 1328 508 de
1353 479 1427 508 sua
1454 481 1501 508 re

131 566 353 610 nunquam
383 550 455 604 iit,
480 548 693 609 judicium
726 547 898 592 nullum
926 548 1092 592 habuit.
1126 545 1372 591 Multorum
1401 561 1504 588 con-

129 627 272 671 sulum
301 637 626 688 praetorumque
656 628 931 689 praefecturas
963 627 1124 671 delatas
1152 628 1211 670 sic
1238 626 1430 686 accepit,
1456 634 1504 668 ut

130 708 346 751 neminem
372 708 415 751 in
442 708 714 768 provinciam
743 709 796 752 sit
823 718 1022 764 secutus,
1050 707 1218 751 honore
1244 706 1376 749 fuerit
1403 721 1504 748 con-

131 796 298 842 tentus,
334 790 396 831 rei
429 786 654 831 familiaris
687 787 929 849 despexerit
959 787 1163 831 fructum.
1197 786 1287 842 Qui
1318 801 1372 828 ne
1405 800 1504 827 cum

129 866 186 922 Q.
213 866 388 927 quidem
415 868 630 912 Cicerone
656 867 845 911 voluerit
870 868 932 911 ire
958 868 1002 910 in
1027 867 1173 911 Asiam
1191 899 1202 921 ,
1226 881 1361 925 quum
1389 863 1506 924 apud

128 963 225 990 eum
254 946 384 1008 legati
417 947 562 992 locum
591 948 789 992 obtinere
817 957 973 1008 posset.
1005 948 1106 992 Non
1137 946 1254 990 enim
1283 944 1434 988 decere
1463 959 1506 986 se

129 1026 450 1083 arbitrabatur,
486 1044 623 1087 quum
663 1038 899 1088 praeturam
936 1043 1083 1087 gerere
1121 1024 1359 1077 noluisset,
1394 1039 1507 1066 asse-

129 1105 240 1148 clam
273 1122 365 1150 esse
392 1107 603 1166 praetoris.
629 1108 732 1164 Qua
760 1107 804 1149 in
830 1122 877 1149 re
904 1122 993 1148 non
1023 1104 1163 1149 solum
1194 1103 1395 1164 dignitati
1423 1118 1507 1146 ser-

129 1185 300 1240 viebat,
323 1184 397 1229 sed
420 1185 552 1229 etiam
579 1184 913 1246 tranquillitati,
939 1201 1076 1245 quum
1105 1183 1372 1244 suspiciones
1399 1198 1507 1242 quo-

129 1281 213 1324 que
241 1265 396 1309 vitar'et
427 1266 673 1310 criminum.
703 1267 804 1323 Quo
839 1265 993 1323 fiebat⁷
1031 1274 1079 1308 ut
1106 1264 1197 1324 ejus
1235 1262 1507 1307 observantia

129 1344 332 1388 omnibus
367 1355 480 1389 esset
514 1346 680 1402 carior,
718 1363 853 1406 quum
888 1362 982 1389 eam
1019 1344 1192 1400 officio,
1234 1359 1322 1386 non
1361 1342 1506 1386 timori

130 1441 271 1484 neque
298 1426 389 1485 spei
418 1426 552 1469 tribui
579 1426 791 1469 viderent.

191 1507 291 1549 VII.
327 1505 487 1549 Incidit
506 1507 803 1550 Caesarianum
822 1505 948 1550 civile
968 1505 1152 1561 bellum,
1174 1522 1311 1565 quum
1330 1505 1509 1549 haberet

130 1601 264 1628 annos
282 1586 455 1629 circiter
471 1586 707 1647 sexaginta.
733 1587 846 1630 Usus
866 1596 927 1630 est
948 1587 1084 1629 aetatis
1103 1586 1347 1641 vacatione,
1367 1601 1508 1645 neque

130 1680 173 1708 se
194 1681 414 1725 quoquam
438 1667 574 1709 movit
594 1682 645 1710 ex
665 1667 785 1710 urbe.
808 1667 919 1723 Quae
939 1667 1088 1710 amicis
1108 1668 1195 1710 suis
1213 1683 1322 1726 opus
1339 1665 1509 1709 fuerant

130 1743 183 1787 ad
201 1746 461 1805 Pompeium
482 1746 878 1806 proficiscentibus,
897 1747 1045 1790 omnia
1067 1763 1118 1790 ex
1141 1763 1218 1789 sua
1236 1762 1284 1789 re
1308 1744 1510 1789 familiari

131 1823 260 1867 dedit.
285 1827 436 1884 Ipsum
459 1827 719 1886 Pompeium
743 1827 1028 1886 conjunctum
1055 1843 1145 1869 non
1169 1825 1353 1869 offendit
1378 1842 1387 1868 :
1414 1823 1511 1868 nul-

131 1902 221 1946 lum
255 1905 370 1947 enim
400 1905 452 1948 ab
483 1922 534 1949 eo
568 1906 755 1950 habebat
789 1916 1123 1961 ornamentum,
1160 1916 1210 1949 ut
1241 1906 1399 1962 ceteri,
1436 1906 1510 1965 qui

132 1999 210 2042 per
245 1999 344 2026 eum
379 1994 455 2027 aut
486 1985 702 2041 honores,
739 1996 815 2029 aut
850 1986 1023 2029 divitias
1058 1994 1289 2046 ceperant3
1321 2001 1510 2045 quorum

132 2064 289 2121 partim
311 2063 557 2108 invitissimi
578 2076 717 2109 castra
738 2076 838 2110 sunt
858 2067 1014 2122 secuti,
1037 2066 1196 2126 partim
1219 2082 1389 2109 summa
1410 2082 1509 2109 cum

133 2143 224 2201 ejus
259 2143 498 2189 offensione
532 2144 651 2189 domi
686 2155 1004 2190 remanserunt.
1044 2146 1177 2189 Attici
1212 2156 1358 2189 autem
1391 2145 1511 2206 quies

135 2231 361 2283 tantopere
394 2226 554 2268 Caesari
590 2225 672 2269 suit
709 2236 854 2286 grata,
883 2236 932 2269 ut
963 2227 1127 2282 victor,
1163 2243 1298 2286 quum
1333 2226 1512 2285 privatis

135 2303 339 2362 pecunias
369 2321 447 2364 per
478 2304 679 2365 epistolas
711 2306 969 2366 imperaret,
1000 2307 1103 2349 huic
1130 2322 1218 2348 non
1254 2304 1392 2349 solum
1423 2321 1513 2347 mo-

136 2379 266 2426 lestus
287 2399 374 2426 non
400 2383 552 2440 fuerit,
578 2384 650 2428 sed
675 2385 805 2428 etiam
831 2387 991 2429 sororis
1023 2385 1162 2428 filium
1189 2395 1231 2428 et
1255 2386 1309 2441 Q.
1335 2385 1512 2428 Cicero-

137 2478 236 2506 nem
262 2479 313 2506 ex
340 2465 537 2524 Pompeii
564 2465 715 2508 castris
740 2466 1014 2509 concesserit.
1046 2466 1116 2510 Sic
1140 2475 1286 2508 vetere
1312 2465 1512 2508 instituto

140 2542 233 2585 vitae
254 2542 407 2604 effugit
429 2561 540 2588 nova
562 2545 769 2605 pericula.

200 2623 317 2666 VIII.
356 2625 560 2667 Secutum
584 2635 645 2669 cst
672 2625 792 2669 illud.
814 2628 970 2670 Occiso
994 2629 1180 2681 Caesarc,
1205 2642 1339 2685 quum
1361 2641 1510 2685 respu-
