1859 3310
737 205 952 238 ATTICUS.
1457 222 1466 242 i
1479 215 1495 250 l.
1505 209 1524 243 5

162 297 227 332 ter
254 288 427 348 quidem
460 291 497 332 ei
524 289 715 344 Quintus
745 288 884 330 carior
912 287 1039 330 fuerit
1072 297 1147 330 aut
1180 287 1440 333 familiarior.
1475 294 1526 335 Ei

162 369 222 411 rei
243 378 343 412 sunt
370 368 549 422 indicio,
572 376 726 427 praeter
752 383 824 409 eos
848 365 1002 422 libros,
1030 367 1072 409 in
1098 366 1255 426 quibus
1279 366 1331 410 de
1355 384 1405 411 eo
1426 368 1527 412 facit

162 448 444 502 mentionem,
478 446 551 505 qui
576 447 619 488 in
646 444 800 505 vulgus
827 445 918 504 jam
943 455 1043 489 sunt
1070 445 1196 502 editi,
1220 445 1432 489 sexdecim
1457 464 1527 490 vo-

159 526 322 570 lumina
343 525 647 586 epistolarum,
675 526 728 568 ab
762 525 991 569 consulatu
1017 526 1109 585 ejus
1139 543 1274 586 usque
1301 526 1355 569 ad
1389 537 1526 570 extre-

159 623 276 650 mum
298 592 468 666 tempus
491 605 545 648 ad
567 606 759 650 Atticum
787 605 1036 661 missarum3
1063 622 1157 665 quoe
1180 607 1254 666 qui
1278 605 1414 666 legat,
1436 624 1523 650 non

155 684 343 729 multum
374 685 584 729 desideret
617 685 840 728 historiam
874 695 1118 728 contextam
1148 684 1320 729 illorum
1354 695 1522 747 tempo·

154 782 264 809 rum.
293 767 364 810 Sic
392 765 508 809 enim
543 765 688 808 onmia
727 764 778 807 de
811 764 962 807 studiis
990 766 1261 825 principum,
1293 766 1407 809 vitiis
1449 766 1522 809 du-

153 861 272 901 cum,
298 845 611 888 mutationibus
644 843 890 905 reipublicae
915 845 1154 904 perscripta
1181 854 1307 900 sunt,
1334 855 1383 888 ut
1415 845 1521 888 nihil

152 926 196 969 in
219 926 269 969 iis
298 942 387 969 non
416 933 640 985 appareat,
666 933 708 966 et
736 923 857 966 facile
889 924 1122 989 existimari
1149 924 1304 984 possit,
1332 924 1520 984 pruden-

151 1006 255 1048 tiam
277 1003 597 1064 quodammodo
622 1019 712 1046 esse
745 1002 1068 1045 divinationem.
1098 1003 1198 1046 Non
1225 1004 1339 1046 enim
1370 1005 1519 1048 Cicero

149 1101 199 1128 ea
223 1083 383 1139 solum,
408 1100 503 1143 quae
530 1084 629 1126 vivo
656 1099 699 1125 se
726 1081 1004 1137 acciderunt,
1030 1082 1179 1125 futura
1203 1083 1424 1143 praedixit3
1449 1085 1517 1128 sed

148 1164 296 1220 etiam,
323 1180 417 1223 quae
442 1179 560 1206 nunc
581 1178 663 1205 usu
689 1162 889 1216 veniunt,
913 1162 1067 1204 cecinit
1089 1171 1138 1205 ut
1163 1172 1292 1206 vates.

210 1245 351 1289 XVII.
379 1245 446 1287 De
473 1243 631 1304 pietate
653 1250 798 1284 autem
821 1241 952 1285 Attici
982 1240 1087 1300 quid
1109 1240 1235 1302 plura
1259 1259 1515 1288 commemo-

146 1323 269 1369 rem?
292 1340 429 1384 quum
454 1323 537 1366 hoe
561 1323 702 1382 ipsum
730 1338 829 1364 vere
857 1319 1114 1381 gloriantem
1142 1321 1352 1365 audierim
1384 1325 1428 1366 in
1452 1324 1515 1368 fu-

147 1421 248 1448 nere
259 1404 408 1447 matris
429 1419 534 1458 suae,
553 1419 684 1462 quam
702 1399 855 1444 extulit
873 1418 1090 1445 annorum
1107 1404 1366 1462 nonaginta,
1381 1421 1516 1463 quum

145 1495 254 1528 esset
277 1493 437 1545 septem
463 1492 505 1526 et
528 1482 769 1541 sexaginta,
787 1498 830 1525 se
844 1497 1068 1540 nunquam
1089 1498 1187 1524 cum
1211 1492 1350 1526 matre
1366 1484 1409 1526 in
1425 1501 1514 1544 gra.

145 1566 249 1608 tiam
274 1562 474 1619 rediisse,
499 1578 723 1621 nunquam
756 1577 854 1604 cum
879 1577 1025 1604 sorore
1050 1560 1180 1604 fuisse
1206 1562 1249 1604 in
1273 1561 1513 1619 simultate,

143 1660 272 1704 quam
286 1658 422 1704 prope
438 1640 645 1701 aequalem
658 1640 856 1684 habebat.
881 1639 1014 1696 Quod
1030 1650 1094 1683 est
1111 1641 1304 1700 signum,
1325 1652 1401 1685 aut
1418 1642 1511 1686 nul-

141 1722 227 1766 lam
238 1738 431 1782 unquam
444 1722 557 1764 inter
569 1737 641 1764 eos
656 1720 972 1780 querimoniam
988 1720 1275 1763 intercessisse
1284 1755 1295 1777 ,
1305 1731 1380 1764 aut
1394 1721 1509 1766 hunc

140 1819 190 1846 ea
220 1801 350 1845 fuisse
380 1802 424 1844 in
465 1816 565 1844 suos
596 1798 885 1859 indulgentia,
916 1808 979 1853 ut,
1005 1816 1114 1859 quos
1143 1816 1287 1843 amare
1318 1800 1511 1857 deberet,

141 1882 264 1925 irasci
277 1882 336 1924 eis
347 1879 465 1923 nefas
489 1879 677 1922 duceret.
692 1879 842 1938 Neque
856 1878 900 1921 id
917 1878 1016 1921 fecit
1029 1888 1186 1922 natura
1204 1878 1364 1935 solum,
1380 1897 1513 1939 quan-

138 1977 268 2020 quam
285 1976 433 2004 omnes
447 1960 485 2002 ei
499 1974 719 2019 paremus,
739 1957 810 2001 sed
829 1958 958 2001 etiam
973 1957 1184 2001 doctrina.
1204 1961 1318 2003 Nam
1336 1969 1377 2003 et
1391 1961 1510 2020 prin-

137 2040 284 2101 cipum
321 2037 683 2100 philosophorum
713 2037 772 2079 ita
795 2047 998 2097 percepta
1022 2037 1175 2081 habuit
1200 2049 1435 2099 praecepta,
1462 2050 1509 2083 ut

136 2120 187 2163 iis
211 2119 266 2162 ad
289 2119 419 2162 vitam
446 2116 681 2178 agendam,
707 2132 796 2159 non
823 2116 877 2159 ad
903 2118 1264 2173 ostentationem,
1297 2128 1505 2166 uteretur.

199 2200 365 2243 XVIII.
393 2198 530 2241 Moris
553 2197 680 2239 etiam
714 2196 929 2254 majorum
960 2213 1154 2240 summus
1186 2198 1377 2241 imitator
1403 2199 1504 2255 fuit,

135 2277 489 2338 antiquitatisque
505 2284 672 2318 amator
699 2291 707 2316 :
727 2291 857 2333 quam
883 2275 989 2318 adeo
1011 2275 1239 2335 diligenter
1261 2277 1412 2321 habuit
1434 2296 1504 2322 co-

135 2358 319 2418 gnitam,
345 2365 395 2398 ut
417 2371 511 2398 eam
547 2363 681 2397 totam
713 2354 755 2396 in
795 2370 845 2396 eo
871 2352 1089 2397 volumine
1120 2358 1387 2415 exposuerit,
1416 2374 1503 2417 quo

135 2437 410 2497 magistratus
447 2433 676 2477 ordinavit.
712 2432 843 2476 Nulla
868 2434 980 2475 enim
1012 2432 1097 2489 leX,
1130 2450 1267 2493 neque
1297 2452 1404 2496 pax,
1432 2454 1501 2482 ne-

134 2532 217 2575 que
241 2514 422 2569 bellum,
447 2530 586 2573 neque
614 2530 680 2556 res
709 2512 886 2557 illustris
913 2522 975 2556 est
1011 2512 1161 2573 populi
1193 2516 1379 2570 romani,
1405 2533 1500 2575 quae

134 2611 222 2638 non
248 2596 290 2637 in
317 2610 387 2649 eo,
413 2610 490 2636 suo
525 2603 739 2653 tempore,
774 2595 826 2636 sit
859 2603 1029 2647 notata3
1058 2603 1121 2648 ct,
1151 2592 1266 2652 quod
1295 2593 1492 2638 difficilli-

1255 2689 1305 2715 10
