1859 3310
355 207 423 242 ¹90
695 193 906 228 JOANNIS
936 191 1082 227 HENR.
1114 189 1365 226 SCIILEGEL

350 276 474 312 tranda
488 276 678 311 Cornelius
695 275 910 321 susceperit,
928 275 1150 322 ignoramus.
1162 273 1348 309 Credibile
1358 278 1432 315 est,
1450 285 1531 307 eum
1548 272 1708 320 insignes

351 339 446 373 viros
459 350 503 373 ex
517 337 618 372 omni
632 349 676 372 eo
695 344 860 383 tempore
874 336 1067 383 delegisse,
1086 348 1158 382 quo
1172 336 1423 370 Romanorum
1441 331 1566 368 floruit
1580 345 1709 380 respu—

347 400 453 435 blica.
470 401 579 434 Foret
593 411 679 433 sane
692 398 751 432 hic
766 398 877 440 liber,
897 397 927 431 si
939 408 1016 432 sors
1030 397 1079 432 ita
1094 397 1250 439 tulisset,
1269 395 1442 430 eximium
1461 395 1711 441 adjumentum

348 461 395 496 ad
413 459 675 507 pertexendam
690 457 881 492 historiam
895 470 1105 501 romanam,
1123 458 1303 505 praecipue
1321 457 1360 491 in
1380 456 1450 491 illis
1466 456 1711 503 temporibus,

349 522 480 570 quibus
504 527 538 554 et
560 519 682 554 Livius
706 525 741 553 et
761 518 957 565 Dionysius
977 518 1307 553 Halicarnassensis
1325 517 1405 564 pari
1429 517 1503 552 fato
1525 515 1709 551 deficiunt.

401 580 601 627 Descripsit
633 579 844 623 Cornelius,
875 579 914 613 in
946 579 1066 626 operis
1098 586 1200 625 parte
1227 591 1304 625 quae
1335 579 1461 613 relicta
1487 585 1562 622 est,
1590 590 1713 626 graecae

350 642 467 690 gentis
496 641 604 675 duces
631 641 694 687 qui
720 640 899 675 memoria
927 640 1031 687 digni
1060 639 1293 683 viderentur,
1323 647 1453 686 praeter
1482 651 1596 687 reges.
1632 641 1714 686 Ipse

352 703 446 738 enim
473 713 641 748 expresse
673 701 778 745 dicit,
803 713 840 736 se
866 701 934 735 hos
958 700 1136 747 attingere
1161 700 1331 734 noluisse.
1359 700 1491 735 Omisit
1514 701 1644 736 heroes
1668 701 1715 736 ad

352 762 549 810 mythicum
576 769 717 808 tempus
743 762 986 808 pertinentes,
1014 761 1129 808 qualis
1157 760 1337 802 Theseus,
1369 760 1469 805 cujus
1492 761 1605 796 vitam
1628 763 1715 797 Plu-

352 823 494 858 tarchus
515 829 640 869 postea
666 822 846 865 exaravit,
867 829 906 856 ut
928 834 1009 857 eum
1032 834 1113 855 cum
1136 821 1297 857 Romulo
1320 828 1560 866 compararet.
1585 822 1718 857 Omisit

353 884 450 918 viros
470 884 669 930 sapientes,
689 883 933 930 legislatores,
957 883 1147 928 clarosque
1172 888 1353 925 oratores,
1373 882 1497 928 quales
1515 884 1716 930 Lycurgus,

356 945 465 979 Solon
486 952 522 979 et
544 944 828 987 Demosthenes,
856 956 1012 991 quorum
1034 943 1250 978 memoriam
1273 942 1372 977 idem
1393 943 1605 978 Plutarchus
1624 944 1720 979 cele-

354 1006 483 1041 bravit.
515 1006 590 1041 Sed
615 1007 737 1041 omisit
764 1006 874 1041 etiam
903 1006 1103 1040 nonnullos
1130 1004 1228 1039 viros
1257 1005 1470 1051 praeclaros,
1498 1004 1560 1051 qui
1586 1005 1719 1040 merito

353 1067 631 1113 imperatoribus
653 1067 777 1114 graecis
800 1065 1065 1101 annumerandi
1089 1065 1251 1100 fuissent.
1277 1066 1383 1100 Tales
1406 1072 1488 1100 sunt
1511 1066 1608 1101 inter
1628 1066 1722 1100 anti-

355 1128 498 1174 quiores
516 1129 675 1162 Pen'cles
693 1135 729 1162 et
747 1127 875 1162 Ntcias
884 1140 898 1170 ‚·
916 1127 1011 1161 inter
1027 1127 1268 1170 recentiores,
1287 1127 1348 1174 qui
1368 1134 1451 1173 post
1469 1127 1722 1162 Alexandrum

355 1189 530 1223 celebrati
551 1195 652 1232 sunt,
679 1191 819 1223 Aratus
843 1195 879 1223 et
906 1188 1176 1235 Philopoemen,
1203 1189 1296 1235 Agis
1315 1194 1349 1223 et
1370 1188 1600 1230 Cleomenes,
1628 1200 1722 1234 quos

355 1262 481 1284 omnes
501 1250 693 1296 descripsit
716 1250 945 1293 Plutarchus,
964 1256 1001 1283 ut
1019 1257 1158 1284 taceam
1178 1250 1450 1284 Aristodemum
1467 1257 1502 1284 et
1524 1250 1722 1284 Aristome-

355 1322 436 1344 nem
452 1311 720 1345 Messeniorum
729 1337 738 1354 ‚
752 1311 953 1345 Leonidam
967 1317 1002 1345 et
1015 1311 1217 1345 Bra-siclam
1230 1311 1610 1355 Lacedaemoniorum,
1624 1312 1723 1346 Par-

354 1372 558 1406 menionem
578 1372 842 1416 Macedonum,
866 1371 1084 1407 fortissimos
1103 1372 1229 1416 duces,
1254 1372 1316 1418 qui
1342 1372 1470 1406 itidem
1487 1384 1508 1407 a
1529 1373 1723 1408 Plutarcho

356 1433 415 1467 vel
433 1433 557 1467 omissi
580 1434 638 1468 vel
665 1433 773 1468 nobis
791 1445 868 1468 non
886 1433 1004 1468 relicti
1028 1440 1122 1468 sunt.
1145 1433 1239 1467 Mihi
1258 1433 1405 1480 quidem
1424 1446 1499 1468 non
1523 1434 1724 1480 culpandus

357 1493 502 1529 videtur
527 1495 669 1541 Nepos,
689 1494 790 1541 quod
808 1495 884 1529 haec
906 1494 1059 1530 nomina
1080 1495 1306 1541 praeterierit.
1330 1494 1470 1529 Pendet
1488 1495 1587 1530 enim
1605 1506 1651 1530 ex
1669 1507 1725 1530 ar-

358 1555 468 1590 bitrio
490 1555 648 1590 auctoris
673 1555 887 1603 biographi,
913 1568 1004 1603 quos
1032 1556 1261 1602 potissimum
1292 1555 1390 1590 viros
1417 1556 1596 1591 illustrare
1618 1557 1725 1600 velit3

357 1623 392 1651 et
412 1616 544 1662 majori
564 1617 662 1651 laudi
684 1617 796 1661 duco,
820 1617 1099 1664 praetermittere
1119 1629 1245 1651 eorum
1269 1617 1377 1661 vitas,
1397 1629 1552 1663 quorum
1569 1630 1626 1652 res
1647 1629 1727 1664 ges-

356 1684 408 1713 tas
431 1685 465 1713 et
492 1678 642 1713 virtutes
662 1691 739 1712 non
758 1678 877 1725 probe
895 1679 1072 1713 habemus
1098 1679 1281 1725 cognitas,
1302 1691 1410 1725 quam
1435 1679 1550 1714 levius
1572 1687 1727 1715 tractare

356 1751 411 1773 res
439 1739 680 1786 gravissimas.
704 1740 794 1774 Eam
813 1739 924 1774 credo
947 1739 1120 1774 Cornelio
1141 1752 1284 1774 causam
1308 1740 1434 1784 fuisse,
1459 1753 1522 1775 cur
1547 1753 1726 1788 quorum—

356 1800 440 1834 dam
459 1812 504 1834 ex
522 1799 565 1834 iis
590 1800 703 1834 vitam
729 1800 908 1848 attingere
933 1801 1110 1844 noluerit;
1129 1801 1237 1836 aliam
1260 1814 1366 1845 vero,
1386 1802 1486 1848 quod
1507 1802 1554 1837 ad
1573 1809 1729 1849 quatuor

355 1861 438 1895 illos
458 1861 606 1905 attinet,
626 1861 690 1908 qui
714 1861 832 1896 ultimi
857 1861 953 1896 inter
977 1861 1087 1896 duces
1114 1863 1324 1897 Graecorum
1348 1863 1541 1907 habentur,
1560 1866 1728 1905 Aratum,

354 1921 649 1968 Philopoemena,
669 1922 768 1969 Agin
793 1929 828 1957 et
847 1923 1095 1957 Cleomenem.
1116 1923 1174 1957 Illi
1193 1923 1292 1958 enim
1310 1924 1349 1958 in
1375 1936 1416 1958 ea
1439 1924 1607 1958 incidunt
1631 1931 1728 1958 tem-

357 1995 466 2029 pora,
491 1983 625 2029 quibus
645 1984 822 2027 Romani,
848 1984 1078 2030 potentiores
1097 1984 1199 2027 facti,
1227 1986 1370 2020 Graecas
1394 1997 1452 2020 res
1471 1997 1571 2031 aeque
1590 1997 1630 2020 ac
1648 1997 1728 2020 suas

355 2056 463 2078 nosse
489 2051 690 2090 coeperunt.

407 2105 593 2139 Habemus
613 2118 631 2139 a
652 2104 826 2139 Cornelio
847 2106 938 2139 vitas
956 2106 1126 2140 undecim
1149 2107 1439 2151 Atheniensium,
1455 2108 1566 2142 trium
1584 2107 1731 2154 Sparta-

356 2178 506 2209 norum,
526 2166 685 2200 duorum
703 2167 984 2209 Thebanorum,
1011 2180 1028 2200 υ
1053 2167 1231 2202 Corintho
1249 2181 1338 2203 vero
1358 2177 1393 2203 et
1415 2168 1618 2216 Syracusis,
1639 2175 1678 2203 ut
1696 2175 1731 2204 et

357 2239 402 2261 ex
427 2227 626 2261 Alexandri
650 2227 820 2271 ducibus,
846 2241 921 2262 non
941 2229 1010 2263 nisi
1035 2229 1274 2276 singulorum.
1296 2230 1362 2264 His
1387 2230 1644 2265 novemdecim
1663 2230 1732 2266 im-

356 2288 586 2333 peratoribus
605 2288 728 2335 graecis
748 2288 939 2323 admiscuit
955 2301 1068 2324 unum
1089 2303 1106 2325 e
1127 2291 1276 2325 Persicis
1295 2298 1329 2325 et
1348 2303 1367 2325 e
1384 2291 1731 2338 Carthaginensibus

358 2347 467 2391 duos;
487 2348 582 2394 ipse,
602 2349 732 2393 credo,
752 2350 871 2396 probe
891 2363 1099 2396 persuasus,
1119 2363 1176 2386 eas
1195 2358 1337 2397 gentes,
1358 2364 1446 2398 quas
1465 2352 1581 2386 Graeci
1600 2359 1635 2386 et
1655 2353 1731 2387 Ro—

356 2408 455 2442 mani
485 2410 741 2452 communiter,
769 2412 833 2446 sed
857 2423 991 2458 magna
1015 2411 1181 2458 profecto
1210 2412 1361 2457 injuria,
1387 2413 1562 2448 barbaras
1586 2414 1730 2448 vocita-

358 2470 465 2513 bant,
490 2482 565 2504 non
592 2470 701 2506 fuisse
730 2485 747 2506 a
779 2473 919 2507 virtutis
945 2480 980 2507 et
1006 2473 1212 2519 prudentiae
1235 2473 1342 2508 laude
1369 2474 1522 2518 alienas,
1551 2481 1586 2509 et
1612 2475 1731 2509 nobili

357 2538 544 2577 permotus
564 2533 739 2576 consilio,
759 2541 797 2568 ut
825 2534 921 2568 cives
942 2546 1042 2577 suos,
1063 2534 1126 2580 qui
1150 2534 1295 2569 fortuna
1321 2535 1407 2569 elati
1424 2535 1582 2583 reliquas
1605 2543 1732 2583 gentes

359 2602 490 2626 omnes·
509 2600 746 2628 contemnere
766 2595 954 2637 solebant,
981 2595 1132 2629 meliora
1159 2595 1339 2630 edoceret.

1848 473 1853 530 μὴ..
1846 355 1851 460 -Μ-
1846 295 1859 341 -..-
