1859 3310
315 183 689 202 mmmmm
692 187 1238 204 mmmssmm
1242 192 1316 205 m
1319 190 1543 204 mmw
1548 192 1680 204 mm„

905 384 1083 428 XXIII.

738 595 1262 667 HANNIBAL.

317 1018 622 1116 HAN'NJBAL,
656 1057 912 1104 Hamilcaris
948 1059 1086 1118 filius,
1118 1061 1501 1122 Carthaginiensis.
1536 1061 1582 1106 Si
1617 1077 1690 1104 ve-

316 1154 414 1182 rum
440 1147 524 1195 est,
550 1138 668 1199 quod
693 1156 820 1183 nemo
846 1139 1039 1196 dubitat,
1067 1150 1116 1184 ut
1148 1139 1337 1202 populus
1366 1158 1571 1185 romanus
1596 1158 1690 1185 om-

319 1234 392 1261 nes
421 1227 568 1278 gentes
593 1218 754 1262 virtute
779 1220 1012 1280 superarit3
1043 1237 1130 1263 non
1157 1230 1221 1264 est
1252 1220 1552 1276 inficiandum,
1579 1223 1694 1264 Han-

317 1296 503 1341 nibalem
530 1307 652 1341 tanto
677 1298 925 1358 praestitisse
948 1309 1112 1342 ceteros
1138 1300 1416 1360 imperatores
1442 1299 1693 1360 prudentia,

317 1386 482 1436 quanto
513 1375 704 1438 populus
735 1394 941 1422 romanus
976 1377 1201 1422 antecedat
1233 1378 1488 1422 fortitudine
1518 1388 1695 1421 cunctas

318 1456 527 1499 nationes.
554 1458 665 1501 Nam
696 1458 1039 1518 quotiescunque
1069 1474 1168 1501 cum
1197 1474 1248 1501 eo
1273 1474 1528 1518 congressus
1560 1466 1624 1500 est
1652 1457 1695 1499 iu

317 1533 460 1591 Italia,
485 1552 653 1597 semper
678 1535 870 1580 discessit
895 1538 1105 1598 superior.
1133 1537 1266 1595 Quod
1290 1538 1368 1581 nisi
1398 1537 1515 1582 domi
1539 1538 1697 1581 civium

319 1631 497 1658 suorum
525 1615 685 1659 invidia
710 1614 956 1660 debilitatus
983 1627 1112 1673 esset,
1137 1619 1356 1661 Romanos
1384 1616 1604 1660 videretur
1633 1633 1700 1659 su-

319 1710 469 1754 perare
498 1696 709 1755 potuisse;
737 1695 811 1739 sed
839 1694 1078 1740 multorum
1102 1697 1358 1741 obtrectatio
1388 1696 1545 1740 devicit
1569 1696 1699 1739 unius

318 1774 537 1817 virtutem.
566 1776 648 1818 Hic
669 1785 813 1819 autem
837 1774 955 1819 velut
981 1775 1218 1820 hereditate
1240 1775 1439 1820 relictum
1462 1775 1611 1819 odium
1632 1792 1702 1836 pa-

320 1862 493 1896 ternum
511 1870 613 1914 erga
631 1857 851 1899 Romanos
875 1856 934 1899 sic
958 1857 1248 1912 conservavit,
1277 1865 1324 1899 ut
1348 1856 1469 1916 prius
1491 1856 1701 1909 animam,

321 1948 449 1991 quam
470 1932 535 1989 id,
559 1933 783 1994 deposuit:
803 1935 877 1994 qui
891 1934 1080 1995 quidem,
1097 1951 1232 1995 quum
1246 1936 1386 1995 patria
1406 1933 1557 1996 pulsus
1573 1944 1701 1989 esset,

321 2020 364 2054 et
393 2010 631 2056 alienarum
654 2030 788 2074 opum
817 2014 1048 2074 indigeret,
1076 2031 1301 2075 nunquam
1325 2014 1535 2058 destiterit
1558 2015 1702 2058 animo

322 2090 481 2134 bellare
506 2108 605 2135 cum
630 2094 850 2136 Romanis.

389 2173 444 2215 II.
482 2173 613 2228 Nam,
639 2182 688 2216 ut
707 2174 904 2216 omittam
921 2172 1193 2235 Philippum,
1214 2190 1342 2233 quem
1360 2174 1512 2217 absens
1535 2174 1703 2218 hostem

325 2250 512 2294 reddidit
531 2254 758 2308 Romanis,
777 2257 973 2297 omnium
998 2254 1066 2297 his
1086 2254 1354 2315 temporibus
1380 2254 1704 2315 potentissimus

325 2347 399 2374 rex
427 2332 670 2375 Antiochus
698 2333 792 2376 fuit.
826 2336 955 2376 Hunc
986 2344 1108 2377 tanta
1138 2333 1373 2394 cupiditate
1402 2332 1593 2376 incendit
1621 2331 1705 2375 bel-

326 2409 464 2467 landi,
494 2420 544 2454 ut
574 2429 711 2472 usque
737 2429 762 2456 a
786 2414 938 2458 Rubro
967 2414 1075 2456 mari
1103 2429 1223 2456 arma
1251 2421 1432 2456 conatus
1467 2412 1521 2455 sit
1547 2411 1704 2454 inferre

328 2490 473 2534 Italiae.
502 2491 569 2536 Ad
602 2509 729 2552 quem
757 2510 891 2553 quum
926 2491 1055 2553 legati
1091 2493 1307 2536 venissent
1337 2491 1523 2546 romani,
1550 2491 1623 2549 qui
1653 2489 1704 2533 dc

327 2570 418 2628 ejus
451 2569 674 2614 voluntate
708 2571 1007 2632 explorarent,
1041 2571 1277 2631 darentque
1310 2586 1485 2631 operam
1517 2568 1704 2613 consiliis
