<?xml version="1.0" encoding="UTF-8"?>
<!DOCTYPE html PUBLIC "-//W3C//DTD XHTML 1.0 Transitional//EN"
    "http://www.w3.org/TR/xhtml1/DTD/xhtml1-transitional.dtd">
<html xmlns="http://www.w3.org/1999/xhtml" xml:lang="en" lang="en">
 <head>
  <title>
</title>
<meta http-equiv="Content-Type" content="text/html;charset=utf-8" />
  <meta name='ocr-system' content='tesseract 3.04.00' />
  <meta name='ocr-capabilities' content='ocr_page ocr_carea ocr_par ocr_line ocrx_word'/>
</head>
<body>
  <div class='ocr_page' id='page_1' title='image "./operanepo00nepouoft_0068.png"; bbox 0 0 1859 3310; ppageno 0'>
   <div class='ocr_carea' id='block_1_1' title="bbox 373 180 1281 218">
    <p class='ocr_par' dir='ltr' id='par_1_1' title="bbox 373 180 1281 218">
     <span class='ocr_line' id='line_1_1' title="bbox 373 180 1281 218; baseline 0.001 -2"><span class='ocrx_word' id='word_1_1' title='bbox 373 180 421 216; x_wconf 81' lang='lat'>50</span> <span class='ocrx_word' id='word_1_2' title='bbox 819 183 1049 218; x_wconf 84' lang='lat' dir='ltr'>CORNELII</span> <span class='ocrx_word' id='word_1_3' title='bbox 1079 183 1281 218; x_wconf 85' lang='lat' dir='ltr'><strong>NEPOTIS</strong></span> 
     </span>
    </p>
   </div>
   <div class='ocr_carea' id='block_1_2' title="bbox 362 264 1732 2617">
    <p class='ocr_par' dir='ltr' id='par_1_2' title="bbox 370 264 1732 640">
     <span class='ocr_line' id='line_1_2' title="bbox 372 264 1724 329; baseline -0.003 -18"><span class='ocrx_word' id='word_1_4' title='bbox 372 278 443 313; x_wconf 79' lang='lat' dir='ltr'>tur</span> <span class='ocrx_word' id='word_1_5' title='bbox 467 285 475 311; x_wconf 90' lang='lat'>:</span> <span class='ocrx_word' id='word_1_6' title='bbox 505 283 610 328; x_wconf 89' lang='lat' dir='ltr'>quas</span> <span class='ocrx_word' id='word_1_7' title='bbox 636 268 810 328; x_wconf 89' lang='lat' dir='ltr'>quidem</span> <span class='ocrx_word' id='word_1_8' title='bbox 843 268 911 312; x_wconf 87' lang='lat' dir='ltr'>ille</span> <span class='ocrx_word' id='word_1_9' title='bbox 938 268 1167 329; x_wconf 80' lang='lat' dir='ltr'>diligenter</span> <span class='ocrx_word' id='word_1_10' title='bbox 1195 266 1415 321; x_wconf 82' lang='lat' dir='ltr'>obeundo,</span> <span class='ocrx_word' id='word_1_11' title='bbox 1448 264 1631 309; x_wconf 82' lang='lat' dir='ltr'>fideliter</span> <span class='ocrx_word' id='word_1_12' title='bbox 1651 265 1724 309; x_wconf 87' lang='lat' dir='ltr'>ad-</span> 
     </span>
     <span class='ocr_line' id='line_1_3' title="bbox 371 344 1732 407; baseline -0.001 -18"><span class='ocrx_word' id='word_1_13' title='bbox 371 347 682 402; x_wconf 78' lang='lat' dir='ltr'>ministrando,</span> <span class='ocrx_word' id='word_1_14' title='bbox 702 347 1046 390; x_wconf 87' lang='lat' dir='ltr'>crudelissimum</span> <span class='ocrx_word' id='word_1_15' title='bbox 1074 364 1230 390; x_wconf 76' lang='lat' dir='ltr'>nomen</span> <span class='ocrx_word' id='word_1_16' title='bbox 1249 346 1416 407; x_wconf 79' lang='lat' dir='ltr'>tyranni</span> <span class='ocrx_word' id='word_1_17' title='bbox 1437 361 1512 388; x_wconf 89' lang='lat' dir='ltr'>sua</span> <span class='ocrx_word' id='word_1_18' title='bbox 1533 344 1732 388; x_wconf 86' lang='lat' dir='ltr'>humani-</span> 
     </span>
     <span class='ocr_line' id='line_1_4' title="bbox 372 423 1731 486; baseline -0.003 -17"><span class='ocrx_word' id='word_1_19' title='bbox 372 435 458 469; x_wconf 82' lang='lat' dir='ltr'>tate</span> <span class='ocrx_word' id='word_1_20' title='bbox 479 426 660 486; x_wconf 86' lang='lat' dir='ltr'>tegebat.</span> <span class='ocrx_word' id='word_1_21' title='bbox 681 428 831 480; x_wconf 80' lang='lat' dir='ltr'>Hunc,</span> <span class='ocrx_word' id='word_1_22' title='bbox 849 442 872 468; x_wconf 87' lang='lat' dir='ltr'>a</span> <span class='ocrx_word' id='word_1_23' title='bbox 895 427 1105 485; x_wconf 71' lang='lat' dir='ltr'>Dionysio</span> <span class='ocrx_word' id='word_1_24' title='bbox 1134 428 1331 481; x_wconf 85' lang='lat' dir='ltr'>missum,</span> <span class='ocrx_word' id='word_1_25' title='bbox 1355 423 1731 484; x_wconf 81' lang='lat' dir='ltr'>Carthaginienses</span> 
     </span>
     <span class='ocr_line' id='line_1_5' title="bbox 372 500 1730 565; baseline -0.003 -18"><span class='ocrx_word' id='word_1_26' title='bbox 372 513 655 563; x_wconf 81' lang='lat' dir='ltr'>suspexerunt</span> <span class='ocrx_word' id='word_1_27' title='bbox 671 537 681 557; x_wconf 86' lang='lat'>‚</span> <span class='ocrx_word' id='word_1_28' title='bbox 701 513 747 547; x_wconf 86' lang='lat' dir='ltr'>ut</span> <span class='ocrx_word' id='word_1_29' title='bbox 766 505 984 546; x_wconf 88' lang='lat' dir='ltr'>neminem</span> <span class='ocrx_word' id='word_1_30' title='bbox 1011 520 1200 563; x_wconf 89' lang='lat' dir='ltr'>unquam</span> <span class='ocrx_word' id='word_1_31' title='bbox 1227 520 1363 565; x_wconf 83' lang='lat' dir='ltr'>graeca</span> <span class='ocrx_word' id='word_1_32' title='bbox 1386 503 1533 564; x_wconf 82' lang='lat' dir='ltr'>lingua</span> <span class='ocrx_word' id='word_1_33' title='bbox 1553 500 1730 561; x_wconf 88' lang='lat' dir='ltr'>loquen-</span> 
     </span>
     <span class='ocr_line' id='line_1_6' title="bbox 370 580 970 640; baseline -0.003 -15"><span class='ocrx_word' id='word_1_34' title='bbox 370 591 456 625; x_wconf 87' lang='lat' dir='ltr'>tem</span> <span class='ocrx_word' id='word_1_35' title='bbox 479 582 615 640; x_wconf 84' lang='lat' dir='ltr'>magis</span> <span class='ocrx_word' id='word_1_36' title='bbox 641 581 725 623; x_wconf 91' lang='lat' dir='ltr'>sint</span> <span class='ocrx_word' id='word_1_37' title='bbox 754 580 970 623; x_wconf 85' lang='lat' dir='ltr'>admirati.</span> 
     </span>
    </p>

    <p class='ocr_par' dir='ltr' id='par_1_3' title="bbox 362 659 1730 2458">
     <span class='ocr_line' id='line_1_7' title="bbox 428 659 1730 720; baseline -0.002 -18"><span class='ocrx_word' id='word_1_38' title='bbox 428 661 484 702; x_wconf 94' lang='lat' dir='ltr'>II.</span> <span class='ocrx_word' id='word_1_39' title='bbox 499 660 653 717; x_wconf 84' lang='lat' dir='ltr'>Neque</span> <span class='ocrx_word' id='word_1_40' title='bbox 667 674 769 701; x_wconf 87' lang='lat' dir='ltr'>vero</span> <span class='ocrx_word' id='word_1_41' title='bbox 792 659 882 702; x_wconf 71' lang='lat' dir='ltr'>haze</span> <span class='ocrx_word' id='word_1_42' title='bbox 897 659 1155 720; x_wconf 77' lang='lat' dir='ltr'>Dionysium</span> <span class='ocrx_word' id='word_1_43' title='bbox 1172 660 1405 720; x_wconf 74' lang='lat' dir='ltr'><strong>fugiebant.</strong></span> <span class='ocrx_word' id='word_1_44' title='bbox 1431 661 1545 703; x_wconf 82' lang='lat' dir='ltr'>Nam</span> <span class='ocrx_word' id='word_1_45' title='bbox 1568 665 1730 717; x_wconf 87' lang='lat' dir='ltr'>quanto</span> 
     </span>
     <span class='ocr_line' id='line_1_8' title="bbox 367 735 1730 794; baseline -0.003 -13"><span class='ocrx_word' id='word_1_46' title='bbox 367 746 477 781; x_wconf 86' lang='lat' dir='ltr'>esset</span> <span class='ocrx_word' id='word_1_47' title='bbox 500 735 582 779; x_wconf 82' lang='lat' dir='ltr'>sihi</span> <span class='ocrx_word' id='word_1_48' title='bbox 606 746 884 793; x_wconf 86' lang='lat' dir='ltr'>ornamento,</span> <span class='ocrx_word' id='word_1_49' title='bbox 909 738 1131 781; x_wconf 81' lang='lat' dir='ltr'><strong>sentiebat.</strong></span> <span class='ocrx_word' id='word_1_50' title='bbox 1162 739 1263 794; x_wconf 89' lang='lat' dir='ltr'>Quo</span> <span class='ocrx_word' id='word_1_51' title='bbox 1284 738 1430 792; x_wconf 85' lang='lat' dir='ltr'>fiebat,</span> <span class='ocrx_word' id='word_1_52' title='bbox 1458 746 1506 779; x_wconf 88' lang='lat' dir='ltr'>ut</span> <span class='ocrx_word' id='word_1_53' title='bbox 1534 736 1609 779; x_wconf 88' lang='lat' dir='ltr'>uni</span> <span class='ocrx_word' id='word_1_54' title='bbox 1630 735 1730 778; x_wconf 90' lang='lat' dir='ltr'>huic</span> 
     </span>
     <span class='ocr_line' id='line_1_9' title="bbox 367 813 1728 876; baseline -0.004 -15"><span class='ocrx_word' id='word_1_55' title='bbox 367 818 553 861; x_wconf 82' lang='lat' dir='ltr'>maxime</span> <span class='ocrx_word' id='word_1_56' title='bbox 576 815 843 876; x_wconf 78' lang='lat' dir='ltr'>indulgeret,</span> <span class='ocrx_word' id='word_1_57' title='bbox 868 833 1007 876; x_wconf 84' lang='lat' dir='ltr'>neque</span> <span class='ocrx_word' id='word_1_58' title='bbox 1026 833 1123 860; x_wconf 83' lang='lat' dir='ltr'>eum</span> <span class='ocrx_word' id='word_1_59' title='bbox 1149 832 1269 860; x_wconf 88' lang='lat' dir='ltr'>secus</span> <span class='ocrx_word' id='word_1_60' title='bbox 1289 815 1485 876; x_wconf 80' lang='lat' dir='ltr'>diligeret</span> <span class='ocrx_word' id='word_1_61' title='bbox 1504 831 1553 857; x_wconf 89' lang='lat' dir='ltr'>ac</span> <span class='ocrx_word' id='word_1_62' title='bbox 1576 813 1728 857; x_wconf 86' lang='lat' dir='ltr'>filium.</span> 
     </span>
     <span class='ocr_line' id='line_1_10' title="bbox 367 892 1728 957; baseline -0.004 -17"><span class='ocrx_word' id='word_1_63' title='bbox 367 898 456 953; x_wconf 89' lang='lat' dir='ltr'>Qui</span> <span class='ocrx_word' id='word_1_64' title='bbox 475 896 678 957; x_wconf 81' lang='lat' dir='ltr'>quidem,</span> <span class='ocrx_word' id='word_1_65' title='bbox 701 912 836 956; x_wconf 91' lang='lat' dir='ltr'>quum</span> <span class='ocrx_word' id='word_1_66' title='bbox 858 894 1085 939; x_wconf 83' lang='lat' dir='ltr'>Platonem</span> <span class='ocrx_word' id='word_1_67' title='bbox 1105 897 1340 939; x_wconf 77' lang='lat' dir='ltr'>Tarentum</span> <span class='ocrx_word' id='word_1_68' title='bbox 1362 894 1530 937; x_wconf 76' lang='lat' dir='ltr'>venisse</span> <span class='ocrx_word' id='word_1_69' title='bbox 1550 892 1663 935; x_wconf 87' lang='lat' dir='ltr'>fama</span> <span class='ocrx_word' id='word_1_70' title='bbox 1686 892 1728 934; x_wconf 91' lang='lat' dir='ltr'>in</span> 
     </span>
     <span class='ocr_line' id='line_1_11' title="bbox 366 971 1729 1034; baseline -0.005 -15"><span class='ocrx_word' id='word_1_71' title='bbox 366 975 556 1019; x_wconf 87' lang='lat' dir='ltr'>Siciliam</span> <span class='ocrx_word' id='word_1_72' title='bbox 587 984 695 1018; x_wconf 85' lang='lat' dir='ltr'>esset</span> <span class='ocrx_word' id='word_1_73' title='bbox 736 973 920 1034; x_wconf 84' lang='lat' dir='ltr'>perlata,</span> <span class='ocrx_word' id='word_1_74' title='bbox 958 973 1223 1018; x_wconf 87' lang='lat' dir='ltr'>adolescenti</span> <span class='ocrx_word' id='word_1_75' title='bbox 1264 988 1420 1033; x_wconf 84' lang='lat' dir='ltr'>negare</span> <span class='ocrx_word' id='word_1_76' title='bbox 1455 988 1540 1014; x_wconf 88' lang='lat' dir='ltr'>non</span> <span class='ocrx_word' id='word_1_77' title='bbox 1566 971 1729 1031; x_wconf 83' lang='lat' dir='ltr'>potuit,</span> 
     </span>
     <span class='ocr_line' id='line_1_12' title="bbox 367 1048 1729 1115; baseline -0.004 -17"><span class='ocrx_word' id='word_1_78' title='bbox 367 1055 474 1115; x_wconf 90' lang='lat' dir='ltr'>quin</span> <span class='ocrx_word' id='word_1_79' title='bbox 501 1071 598 1097; x_wconf 89' lang='lat' dir='ltr'>eum</span> <span class='ocrx_word' id='word_1_80' title='bbox 630 1064 884 1109; x_wconf 73' lang='lat' dir='ltr'>arcesseret,</span> <span class='ocrx_word' id='word_1_81' title='bbox 912 1069 1046 1113; x_wconf 89' lang='lat' dir='ltr'>quum</span> <span class='ocrx_word' id='word_1_82' title='bbox 1076 1054 1191 1097; x_wconf 90' lang='lat' dir='ltr'>Dion</span> <span class='ocrx_word' id='word_1_83' title='bbox 1215 1053 1305 1112; x_wconf 85' lang='lat' dir='ltr'>ejus</span> <span class='ocrx_word' id='word_1_84' title='bbox 1333 1050 1535 1094; x_wconf 85' lang='lat' dir='ltr'>audiendi</span> <span class='ocrx_word' id='word_1_85' title='bbox 1563 1048 1729 1110; x_wconf 89' lang='lat' dir='ltr'>cupidi-</span> 
     </span>
     <span class='ocr_line' id='line_1_13' title="bbox 367 1132 1728 1194; baseline -0.004 -18"><span class='ocrx_word' id='word_1_86' title='bbox 367 1143 454 1177; x_wconf 83' lang='lat' dir='ltr'>tate</span> <span class='ocrx_word' id='word_1_87' title='bbox 479 1133 694 1194; x_wconf 83' lang='lat' dir='ltr'>flagraret.</span> <span class='ocrx_word' id='word_1_88' title='bbox 722 1132 855 1176; x_wconf 85' lang='lat' dir='ltr'>Dedit</span> <span class='ocrx_word' id='word_1_89' title='bbox 883 1149 986 1193; x_wconf 82' lang='lat' dir='ltr'>ergo</span> <span class='ocrx_word' id='word_1_90' title='bbox 1015 1132 1117 1175; x_wconf 89' lang='lat' dir='ltr'>huic</span> <span class='ocrx_word' id='word_1_91' title='bbox 1148 1132 1340 1185; x_wconf 83' lang='lat' dir='ltr'>veniam,</span> <span class='ocrx_word' id='word_1_92' title='bbox 1365 1145 1606 1191; x_wconf 85' lang='lat' dir='ltr'>magnaque</span> <span class='ocrx_word' id='word_1_93' title='bbox 1630 1145 1728 1171; x_wconf 89' lang='lat' dir='ltr'>eum</span> 
     </span>
     <span class='ocr_line' id='line_1_14' title="bbox 364 1207 1729 1272; baseline -0.004 -16"><span class='ocrx_word' id='word_1_94' title='bbox 364 1213 601 1256; x_wconf 86' lang='lat' dir='ltr'>ambitione</span> <span class='ocrx_word' id='word_1_95' title='bbox 635 1214 867 1272; x_wconf 80' lang='lat' dir='ltr'>Syracusas</span> <span class='ocrx_word' id='word_1_96' title='bbox 894 1211 1112 1271; x_wconf 78' lang='lat' dir='ltr'>perduxit.</span> <span class='ocrx_word' id='word_1_97' title='bbox 1144 1212 1289 1267; x_wconf 84' lang='lat' dir='ltr'>Quem</span> <span class='ocrx_word' id='word_1_98' title='bbox 1313 1210 1430 1254; x_wconf 87' lang='lat' dir='ltr'>Dion</span> <span class='ocrx_word' id='word_1_99' title='bbox 1461 1209 1567 1252; x_wconf 87' lang='lat' dir='ltr'>adeo</span> <span class='ocrx_word' id='word_1_100' title='bbox 1593 1207 1729 1252; x_wconf 88' lang='lat' dir='ltr'>admi·</span> 
     </span>
     <span class='ocr_line' id='line_1_15' title="bbox 364 1288 1728 1350; baseline -0.004 -15"><span class='ocrx_word' id='word_1_101' title='bbox 364 1300 485 1335; x_wconf 87' lang='lat' dir='ltr'>ratus</span> <span class='ocrx_word' id='word_1_102' title='bbox 506 1299 569 1334; x_wconf 82' lang='lat' dir='ltr'>est</span> <span class='ocrx_word' id='word_1_103' title='bbox 588 1299 717 1350; x_wconf 84' lang='lat' dir='ltr'>atque</span> <span class='ocrx_word' id='word_1_104' title='bbox 732 1290 970 1345; x_wconf 85' lang='lat' dir='ltr'>adamavit,</span> <span class='ocrx_word' id='word_1_105' title='bbox 996 1300 1043 1333; x_wconf 89' lang='lat' dir='ltr'>ut</span> <span class='ocrx_word' id='word_1_106' title='bbox 1063 1307 1106 1333; x_wconf 85' lang='lat' dir='ltr'>se</span> <span class='ocrx_word' id='word_1_107' title='bbox 1130 1300 1268 1333; x_wconf 88' lang='lat' dir='ltr'>totum</span> <span class='ocrx_word' id='word_1_108' title='bbox 1292 1291 1329 1332; x_wconf 87' lang='lat' dir='ltr'>ci</span> <span class='ocrx_word' id='word_1_109' title='bbox 1354 1288 1556 1332; x_wconf 86' lang='lat' dir='ltr'>traderet.</span> <span class='ocrx_word' id='word_1_110' title='bbox 1576 1288 1728 1346; x_wconf 83' lang='lat' dir='ltr'>Neque</span> 
     </span>
     <span class='ocr_line' id='line_1_16' title="bbox 365 1367 1730 1428; baseline -0.003 -14"><span class='ocrx_word' id='word_1_111' title='bbox 365 1386 467 1414; x_wconf 84' lang='lat' dir='ltr'>vero</span> <span class='ocrx_word' id='word_1_112' title='bbox 491 1371 632 1413; x_wconf 85' lang='lat' dir='ltr'>minus</span> <span class='ocrx_word' id='word_1_113' title='bbox 664 1367 788 1412; x_wconf 86' lang='lat' dir='ltr'>Plato</span> <span class='ocrx_word' id='word_1_114' title='bbox 817 1367 1054 1412; x_wconf 86' lang='lat' dir='ltr'>delectatus</span> <span class='ocrx_word' id='word_1_115' title='bbox 1077 1379 1141 1413; x_wconf 91' lang='lat' dir='ltr'>est</span> <span class='ocrx_word' id='word_1_116' title='bbox 1169 1370 1325 1413; x_wconf 86' lang='lat' dir='ltr'>Dione.</span> <span class='ocrx_word' id='word_1_117' title='bbox 1350 1371 1523 1428; x_wconf 88' lang='lat' dir='ltr'>Itaque,</span> <span class='ocrx_word' id='word_1_118' title='bbox 1543 1385 1674 1428; x_wconf 88' lang='lat' dir='ltr'>quum</span> <span class='ocrx_word' id='word_1_119' title='bbox 1705 1384 1730 1410; x_wconf 89' lang='lat' dir='ltr'>a</span> 
     </span>
     <span class='ocr_line' id='line_1_17' title="bbox 364 1446 1726 1509; baseline -0.004 -16"><span class='ocrx_word' id='word_1_120' title='bbox 364 1449 576 1509; x_wconf 82' lang='lat' dir='ltr'>Dionysio</span> <span class='ocrx_word' id='word_1_121' title='bbox 599 1458 785 1509; x_wconf 86' lang='lat' dir='ltr'>tyranno</span> <span class='ocrx_word' id='word_1_122' title='bbox 804 1446 1039 1491; x_wconf 86' lang='lat' dir='ltr'>crudeliter</span> <span class='ocrx_word' id='word_1_123' title='bbox 1062 1447 1246 1492; x_wconf 88' lang='lat' dir='ltr'>violatus</span> <span class='ocrx_word' id='word_1_124' title='bbox 1265 1456 1396 1501; x_wconf 85' lang='lat' dir='ltr'>esset;</span> <span class='ocrx_word' id='word_1_125' title='bbox 1415 1447 1576 1506; x_wconf 88' lang='lat' dir='ltr'>quippe</span> <span class='ocrx_word' id='word_1_126' title='bbox 1599 1462 1726 1505; x_wconf 88' lang='lat' dir='ltr'>quem</span> 
     </span>
     <span class='ocr_line' id='line_1_18' title="bbox 364 1525 1729 1588; baseline -0.002 -17"><span class='ocrx_word' id='word_1_127' title='bbox 364 1528 608 1572; x_wconf 87' lang='lat' dir='ltr'>venundari</span> <span class='ocrx_word' id='word_1_128' title='bbox 630 1527 851 1588; x_wconf 77' lang='lat' dir='ltr'>jussisset3</span> <span class='ocrx_word' id='word_1_129' title='bbox 882 1536 1026 1570; x_wconf 86' lang='lat' dir='ltr'>tamen</span> <span class='ocrx_word' id='word_1_130' title='bbox 1050 1527 1201 1570; x_wconf 89' lang='lat' dir='ltr'>eodem</span> <span class='ocrx_word' id='word_1_131' title='bbox 1227 1526 1374 1580; x_wconf 88' lang='lat' dir='ltr'>rediit,</span> <span class='ocrx_word' id='word_1_132' title='bbox 1403 1525 1596 1586; x_wconf 87' lang='lat' dir='ltr'>ejusdem</span> <span class='ocrx_word' id='word_1_133' title='bbox 1621 1525 1729 1569; x_wconf 89' lang='lat' dir='ltr'>Dio-</span> 
     </span>
     <span class='ocr_line' id='line_1_19' title="bbox 365 1604 1726 1667; baseline -0.001 -17"><span class='ocrx_word' id='word_1_134' title='bbox 365 1608 431 1651; x_wconf 89' lang='lat' dir='ltr'>nis</span> <span class='ocrx_word' id='word_1_135' title='bbox 454 1607 653 1667; x_wconf 84' lang='lat' dir='ltr'>precihus</span> <span class='ocrx_word' id='word_1_136' title='bbox 678 1606 904 1650; x_wconf 82' lang='lat' dir='ltr'>adductus.</span> <span class='ocrx_word' id='word_1_137' title='bbox 931 1608 1113 1650; x_wconf 83' lang='lat' dir='ltr'>Interim</span> <span class='ocrx_word' id='word_1_138' title='bbox 1142 1607 1186 1649; x_wconf 90' lang='lat' dir='ltr'>in</span> <span class='ocrx_word' id='word_1_139' title='bbox 1216 1606 1414 1649; x_wconf 85' lang='lat' dir='ltr'>morbum</span> <span class='ocrx_word' id='word_1_140' title='bbox 1446 1604 1597 1648; x_wconf 83' lang='lat' dir='ltr'>incidit</span> <span class='ocrx_word' id='word_1_141' title='bbox 1625 1606 1726 1649; x_wconf 80' lang='lat' dir='ltr'>Dio-</span> 
     </span>
     <span class='ocr_line' id='line_1_20' title="bbox 364 1685 1727 1747; baseline -0.002 -17"><span class='ocrx_word' id='word_1_142' title='bbox 364 1687 525 1747; x_wconf 88' lang='lat' dir='ltr'>nysius.</span> <span class='ocrx_word' id='word_1_143' title='bbox 549 1687 651 1743; x_wconf 87' lang='lat' dir='ltr'>Quo</span> <span class='ocrx_word' id='word_1_144' title='bbox 675 1702 809 1745; x_wconf 91' lang='lat' dir='ltr'>quum</span> <span class='ocrx_word' id='word_1_145' title='bbox 841 1686 961 1745; x_wconf 80' lang='lat' dir='ltr'>gravi</span> <span class='ocrx_word' id='word_1_146' title='bbox 995 1686 1339 1741; x_wconf 79' lang='lat' dir='ltr'>conflictaretur,</span> <span class='ocrx_word' id='word_1_147' title='bbox 1371 1685 1567 1744; x_wconf 80' lang='lat' dir='ltr'>quaesivit</span> <span class='ocrx_word' id='word_1_148' title='bbox 1594 1701 1618 1727; x_wconf 92' lang='lat' dir='ltr'>a</span> <span class='ocrx_word' id='word_1_149' title='bbox 1640 1700 1727 1727; x_wconf 89' lang='lat' dir='ltr'>me-</span> 
     </span>
     <span class='ocr_line' id='line_1_21' title="bbox 364 1763 1725 1825; baseline -0.002 -16"><span class='ocrx_word' id='word_1_150' title='bbox 364 1765 471 1809; x_wconf 90' lang='lat' dir='ltr'>dicis</span> <span class='ocrx_word' id='word_1_151' title='bbox 499 1766 636 1820; x_wconf 89' lang='lat' dir='ltr'>Dion,</span> <span class='ocrx_word' id='word_1_152' title='bbox 662 1764 1027 1825; x_wconf 87' lang='lat' dir='ltr'>quemadmodum</span> <span class='ocrx_word' id='word_1_153' title='bbox 1050 1781 1092 1808; x_wconf 88' lang='lat' dir='ltr'>se</span> <span class='ocrx_word' id='word_1_154' title='bbox 1115 1765 1317 1819; x_wconf 85' lang='lat' dir='ltr'>haberet;</span> <span class='ocrx_word' id='word_1_155' title='bbox 1342 1763 1557 1824; x_wconf 86' lang='lat' dir='ltr'>simulque</span> <span class='ocrx_word' id='word_1_156' title='bbox 1581 1765 1634 1807; x_wconf 88' lang='lat' dir='ltr'>ab</span> <span class='ocrx_word' id='word_1_157' title='bbox 1660 1764 1725 1807; x_wconf 87' lang='lat' dir='ltr'>his</span> 
     </span>
     <span class='ocr_line' id='line_1_22' title="bbox 363 1842 1724 1904; baseline -0.001 -16"><span class='ocrx_word' id='word_1_158' title='bbox 363 1845 508 1904; x_wconf 77' lang='lat' dir='ltr'>petiit,</span> <span class='ocrx_word' id='word_1_159' title='bbox 532 1845 610 1888; x_wconf 85' lang='lat' dir='ltr'>«Si</span> <span class='ocrx_word' id='word_1_160' title='bbox 635 1844 744 1887; x_wconf 88' lang='lat' dir='ltr'>forte</span> <span class='ocrx_word' id='word_1_161' title='bbox 768 1845 923 1904; x_wconf 84' lang='lat' dir='ltr'>majori</span> <span class='ocrx_word' id='word_1_162' title='bbox 947 1853 1057 1887; x_wconf 87' lang='lat' dir='ltr'>esset</span> <span class='ocrx_word' id='word_1_163' title='bbox 1076 1842 1291 1904; x_wconf 82' lang='lat' dir='ltr'>periculo,</span> <span class='ocrx_word' id='word_1_164' title='bbox 1312 1853 1361 1887; x_wconf 91' lang='lat' dir='ltr'>ut</span> <span class='ocrx_word' id='word_1_165' title='bbox 1376 1844 1455 1886; x_wconf 86' lang='lat' dir='ltr'>sibi</span> <span class='ocrx_word' id='word_1_166' title='bbox 1474 1843 1724 1886; x_wconf 88' lang='lat' dir='ltr'>faterentur.</span> 
     </span>
     <span class='ocr_line' id='line_1_23' title="bbox 362 1922 1725 1984; baseline -0.001 -17"><span class='ocrx_word' id='word_1_167' title='bbox 362 1924 476 1968; x_wconf 88' lang='lat' dir='ltr'>Nam</span> <span class='ocrx_word' id='word_1_168' title='bbox 495 1922 604 1967; x_wconf 88' lang='lat' dir='ltr'>velle</span> <span class='ocrx_word' id='word_1_169' title='bbox 624 1939 668 1967; x_wconf 89' lang='lat' dir='ltr'>se</span> <span class='ocrx_word' id='word_1_170' title='bbox 693 1939 791 1967; x_wconf 88' lang='lat' dir='ltr'>cum</span> <span class='ocrx_word' id='word_1_171' title='bbox 809 1939 860 1967; x_wconf 88' lang='lat' dir='ltr'>eo</span> <span class='ocrx_word' id='word_1_172' title='bbox 884 1922 1073 1983; x_wconf 89' lang='lat' dir='ltr'>colloqui</span> <span class='ocrx_word' id='word_1_173' title='bbox 1101 1923 1152 1966; x_wconf 91' lang='lat' dir='ltr'>de</span> <span class='ocrx_word' id='word_1_174' title='bbox 1177 1922 1406 1983; x_wconf 86' lang='lat' dir='ltr'>partiendo</span> <span class='ocrx_word' id='word_1_175' title='bbox 1430 1939 1565 1984; x_wconf 84' lang='lat' dir='ltr'>regno</span> <span class='ocrx_word' id='word_1_176' title='bbox 1581 1940 1592 1978; x_wconf 81' lang='lat'>3</span> <span class='ocrx_word' id='word_1_177' title='bbox 1611 1922 1725 1982; x_wconf 90' lang='lat' dir='ltr'>quod</span> 
     </span>
     <span class='ocr_line' id='line_1_24' title="bbox 364 2001 1727 2063; baseline -0.001 -17"><span class='ocrx_word' id='word_1_178' title='bbox 364 2003 524 2046; x_wconf 87' lang='lat' dir='ltr'>sororis</span> <span class='ocrx_word' id='word_1_179' title='bbox 555 2019 641 2048; x_wconf 85' lang='lat' dir='ltr'>suae</span> <span class='ocrx_word' id='word_1_180' title='bbox 675 2001 806 2057; x_wconf 77' lang='lat' dir='ltr'>filios,</span> <span class='ocrx_word' id='word_1_181' title='bbox 835 2019 885 2046; x_wconf 84' lang='lat' dir='ltr'>ex</span> <span class='ocrx_word' id='word_1_182' title='bbox 913 2002 988 2046; x_wconf 88' lang='lat' dir='ltr'>illo</span> <span class='ocrx_word' id='word_1_183' title='bbox 1021 2012 1164 2057; x_wconf 79' lang='lat' dir='ltr'>natos,</span> <span class='ocrx_word' id='word_1_184' title='bbox 1194 2012 1360 2063; x_wconf 88' lang='lat' dir='ltr'>partem</span> <span class='ocrx_word' id='word_1_185' title='bbox 1391 2003 1511 2063; x_wconf 81' lang='lat' dir='ltr'>regni</span> <span class='ocrx_word' id='word_1_186' title='bbox 1543 2001 1727 2062; x_wconf 89' lang='lat' dir='ltr'>putabat</span> 
     </span>
     <span class='ocr_line' id='line_1_25' title="bbox 364 2079 1726 2142; baseline 0 -17"><span class='ocrx_word' id='word_1_187' title='bbox 364 2081 521 2125; x_wconf 85' lang='lat' dir='ltr'>debere</span> <span class='ocrx_word' id='word_1_188' title='bbox 543 2082 714 2125; x_wconf 88' lang='lat' dir='ltr'>habere.</span> <span class='ocrx_word' id='word_1_189' title='bbox 730 2100 750 2122; x_wconf 69' lang='lat'>³&gt;</span> <span class='ocrx_word' id='word_1_190' title='bbox 775 2080 824 2125; x_wconf 86' lang='lat' dir='ltr'>ld</span> <span class='ocrx_word' id='word_1_191' title='bbox 850 2081 1005 2124; x_wconf 89' lang='lat' dir='ltr'>medici</span> <span class='ocrx_word' id='word_1_192' title='bbox 1030 2098 1116 2124; x_wconf 91' lang='lat' dir='ltr'>non</span> <span class='ocrx_word' id='word_1_193' title='bbox 1137 2090 1390 2134; x_wconf 86' lang='lat' dir='ltr'>tacuerunt,</span> <span class='ocrx_word' id='word_1_194' title='bbox 1414 2091 1457 2124; x_wconf 90' lang='lat' dir='ltr'>et</span> <span class='ocrx_word' id='word_1_195' title='bbox 1485 2079 1536 2124; x_wconf 86' lang='lat' dir='ltr'>ad</span> <span class='ocrx_word' id='word_1_196' title='bbox 1563 2082 1726 2142; x_wconf 89' lang='lat' dir='ltr'>Diony-</span> 
     </span>
     <span class='ocr_line' id='line_1_26' title="bbox 366 2157 1723 2217; baseline 0.001 -15"><span class='ocrx_word' id='word_1_197' title='bbox 366 2160 475 2205; x_wconf 87' lang='lat' dir='ltr'>sium</span> <span class='ocrx_word' id='word_1_198' title='bbox 500 2157 636 2204; x_wconf 89' lang='lat' dir='ltr'>filium</span> <span class='ocrx_word' id='word_1_199' title='bbox 667 2175 909 2204; x_wconf 89' lang='lat' dir='ltr'>sermonem</span> <span class='ocrx_word' id='word_1_200' title='bbox 943 2158 1200 2203; x_wconf 87' lang='lat' dir='ltr'>retulerunt.</span> <span class='ocrx_word' id='word_1_201' title='bbox 1231 2161 1332 2217; x_wconf 85' lang='lat' dir='ltr'>Quo</span> <span class='ocrx_word' id='word_1_202' title='bbox 1362 2159 1432 2203; x_wconf 91' lang='lat' dir='ltr'>ille</span> <span class='ocrx_word' id='word_1_203' title='bbox 1461 2170 1723 2216; x_wconf 83' lang='lat' dir='ltr'>commotus,</span> 
     </span>
     <span class='ocr_line' id='line_1_27' title="bbox 365 2238 1723 2300; baseline 0.001 -18"><span class='ocrx_word' id='word_1_204' title='bbox 365 2255 417 2282; x_wconf 86' lang='lat' dir='ltr'>ne</span> <span class='ocrx_word' id='word_1_205' title='bbox 440 2238 595 2300; x_wconf 79' lang='lat' dir='ltr'>agendi</span> <span class='ocrx_word' id='word_1_206' title='bbox 629 2255 727 2282; x_wconf 89' lang='lat' dir='ltr'>cum</span> <span class='ocrx_word' id='word_1_207' title='bbox 763 2255 814 2282; x_wconf 86' lang='lat' dir='ltr'>eo</span> <span class='ocrx_word' id='word_1_208' title='bbox 847 2249 958 2283; x_wconf 88' lang='lat' dir='ltr'>esset</span> <span class='ocrx_word' id='word_1_209' title='bbox 981 2240 1115 2283; x_wconf 90' lang='lat' dir='ltr'>Dioni</span> <span class='ocrx_word' id='word_1_210' title='bbox 1140 2249 1352 2299; x_wconf 79' lang='lat' dir='ltr'>potestas,</span> <span class='ocrx_word' id='word_1_211' title='bbox 1384 2240 1497 2299; x_wconf 86' lang='lat' dir='ltr'>patri</span> <span class='ocrx_word' id='word_1_212' title='bbox 1525 2256 1723 2300; x_wconf 81' lang='lat' dir='ltr'>soporem</span> 
     </span>
     <span class='ocr_line' id='line_1_28' title="bbox 363 2318 1722 2380; baseline 0 -18"><span class='ocrx_word' id='word_1_213' title='bbox 363 2318 555 2362; x_wconf 87' lang='lat' dir='ltr'>medicos</span> <span class='ocrx_word' id='word_1_214' title='bbox 587 2318 689 2362; x_wconf 85' lang='lat' dir='ltr'>dare</span> <span class='ocrx_word' id='word_1_215' title='bbox 724 2319 878 2379; x_wconf 84' lang='lat' dir='ltr'>coegit.</span> <span class='ocrx_word' id='word_1_216' title='bbox 909 2320 1002 2362; x_wconf 91' lang='lat' dir='ltr'>Hoc</span> <span class='ocrx_word' id='word_1_217' title='bbox 1033 2335 1144 2379; x_wconf 79' lang='lat' dir='ltr'>aeger</span> <span class='ocrx_word' id='word_1_218' title='bbox 1173 2329 1367 2380; x_wconf 85' lang='lat' dir='ltr'>sumpto,</span> <span class='ocrx_word' id='word_1_219' title='bbox 1396 2329 1443 2362; x_wconf 90' lang='lat' dir='ltr'>ut</span> <span class='ocrx_word' id='word_1_220' title='bbox 1474 2335 1626 2362; x_wconf 86' lang='lat' dir='ltr'>somno</span> <span class='ocrx_word' id='word_1_221' title='bbox 1655 2336 1722 2363; x_wconf 92' lang='lat' dir='ltr'>so-</span> 
     </span>
     <span class='ocr_line' id='line_1_29' title="bbox 362 2398 1052 2458; baseline 0.001 -18"><span class='ocrx_word' id='word_1_222' title='bbox 362 2399 496 2458; x_wconf 85' lang='lat' dir='ltr'>pitus,</span> <span class='ocrx_word' id='word_1_223' title='bbox 526 2398 638 2441; x_wconf 87' lang='lat' dir='ltr'>diem</span> <span class='ocrx_word' id='word_1_224' title='bbox 658 2398 767 2441; x_wconf 91' lang='lat' dir='ltr'>obiit</span> <span class='ocrx_word' id='word_1_225' title='bbox 788 2414 1052 2458; x_wconf 85' lang='lat' dir='ltr'>supremum.</span> 
     </span>
    </p>

    <p class='ocr_par' dir='ltr' id='par_1_4' title="bbox 363 2475 1722 2617">
     <span class='ocr_line' id='line_1_30' title="bbox 424 2475 1721 2537; baseline 0 -17"><span class='ocrx_word' id='word_1_226' title='bbox 424 2479 500 2520; x_wconf 91' lang='lat' dir='ltr'><strong>III.</strong></span> <span class='ocrx_word' id='word_1_227' title='bbox 528 2475 631 2520; x_wconf 84' lang='lat' dir='ltr'>Tale</span> <span class='ocrx_word' id='word_1_228' title='bbox 661 2478 833 2520; x_wconf 87' lang='lat' dir='ltr'>initium</span> <span class='ocrx_word' id='word_1_229' title='bbox 862 2476 943 2520; x_wconf 86' lang='lat' dir='ltr'>fuit</span> <span class='ocrx_word' id='word_1_230' title='bbox 977 2478 1130 2521; x_wconf 91' lang='lat' dir='ltr'>Dionis</span> <span class='ocrx_word' id='word_1_231' title='bbox 1166 2487 1209 2521; x_wconf 90' lang='lat' dir='ltr'>et</span> <span class='ocrx_word' id='word_1_232' title='bbox 1237 2478 1433 2537; x_wconf 87' lang='lat' dir='ltr'>Dionysii</span> <span class='ocrx_word' id='word_1_233' title='bbox 1465 2476 1721 2532; x_wconf 83' lang='lat' dir='ltr'>simultatis,</span> 
     </span>
     <span class='ocr_line' id='line_1_31' title="bbox 363 2554 1722 2617; baseline 0.002 -19"><span class='ocrx_word' id='word_1_234' title='bbox 363 2572 497 2615; x_wconf 81' lang='lat' dir='ltr'>eaque</span> <span class='ocrx_word' id='word_1_235' title='bbox 518 2554 666 2600; x_wconf 87' lang='lat' dir='ltr'>multis</span> <span class='ocrx_word' id='word_1_236' title='bbox 688 2556 817 2600; x_wconf 86' lang='lat' dir='ltr'>rebus</span> <span class='ocrx_word' id='word_1_237' title='bbox 841 2566 966 2599; x_wconf 87' lang='lat' dir='ltr'>aucta</span> <span class='ocrx_word' id='word_1_238' title='bbox 990 2567 1052 2600; x_wconf 89' lang='lat' dir='ltr'>est</span> <span class='ocrx_word' id='word_1_239' title='bbox 1076 2574 1084 2600; x_wconf 89' lang='lat'>:</span> <span class='ocrx_word' id='word_1_240' title='bbox 1113 2556 1187 2600; x_wconf 86' lang='lat' dir='ltr'>sed</span> <span class='ocrx_word' id='word_1_241' title='bbox 1212 2566 1356 2600; x_wconf 84' lang='lat' dir='ltr'>tamen</span> <span class='ocrx_word' id='word_1_242' title='bbox 1376 2556 1527 2616; x_wconf 88' lang='lat' dir='ltr'>primis</span> <span class='ocrx_word' id='word_1_243' title='bbox 1557 2566 1722 2617; x_wconf 90' lang='lat' dir='ltr'>tempo-</span> 
     </span>
    </p>
   </div>
  </div>
 </body>
</html>
