1859 3310
252 208 298 242 86
705 212 935 246 CORNELII
965 211 1167 245 NEPOTIS

251 294 363 336 Nam
386 295 715 354 magistratuum
737 294 1044 336 Thebanorum
1065 293 1210 334 statim
1238 292 1291 335 ad
1317 309 1442 335 aures
1465 309 1615 351 perve-

252 373 334 426 nit,
372 372 536 416 exsules
561 374 603 415 in
642 373 793 415 urbem
818 371 1050 413 devenisse.
1078 370 1128 413 Id
1155 369 1234 426 illi,
1264 372 1365 414 vino
1393 370 1615 431 epulisque

251 450 404 503 dediti,
432 467 565 510 usque
592 468 642 493 eo
663 450 978 508 despexerunt,
1003 459 1051 492 ut
1077 466 1130 492 ne
1154 466 1345 508 quaerere
1369 449 1541 509 quidem
1564 449 1616 492 de

253 540 372 572 tanta
399 546 443 571 re
472 529 722 571 laborarint.
751 528 945 570 Accessit
969 529 1100 570 etiam
1131 529 1247 588 quod
1273 530 1407 589 magis
1429 530 1617 588 aperiret

252 625 401 651 corum
428 607 690 650 dementiam
722 623 731 648 ε
760 605 889 649 allata
915 617 978 649 est
1007 607 1122 650 enim
1151 607 1331 667 epistola
1356 608 1536 651 Athenis
1561 607 1614 650 ab

252 687 409 730 Archia
432 686 738 745 hierophante,
763 687 838 728 uni
865 702 916 728 ex
938 685 1024 740 his,
1051 686 1244 742 Archiae,
1268 688 1341 746 qui
1365 696 1457 730 tum
1479 687 1616 729 maxi-

253 781 369 807 mum
400 766 701 824 magistratum
731 764 893 808 Thebis
921 765 1173 819 obtinebat,
1206 766 1248 807 in
1279 781 1362 824 qua
1396 766 1540 808 omnia
1567 764 1619 807 de

253 843 517 902 profectione
529 843 728 886 exsulum
745 844 985 903 perscripta
1005 853 1142 886 erant.
1159 845 1268 900 Quae
1292 860 1426 902 quum
1441 845 1530 903 jam
1547 859 1618 887 ac-

253 923 431 966 cubanti
464 924 507 966 in
536 924 737 967 convivio
770 933 880 967 esset
908 922 1026 977 data,
1058 924 1168 966 sicut
1199 932 1288 965 erat
1320 924 1505 983 signata,
1542 924 1620 966 sub

254 1001 482 1061 pulvinum
508 1004 741 1063 subjiciens
768 1021 776 1046 :
803 1006 890 1046 «In
911 1004 1170 1058 crastinum,
1196 1004 1359 1063 inquit,
1385 1003 1538 1046 differo
1554 1020 1621 1046 res

255 1098 476 1124 severas.»
497 1084 555 1126 At
580 1082 641 1125 illi
669 1099 836 1136 omnes,
862 1099 997 1142 quum
1017 1083 1106 1142 jam
1134 1099 1218 1125 nox
1243 1084 1540 1142 processisset,
1560 1083 1621 1124 vi-

257 1160 420 1204 nolenti
440 1162 493 1204 ab
522 1161 758 1218 exsulibus,
782 1161 892 1205 duce
905 1161 1127 1222 Pelopida,
1146 1171 1246 1204 sunt
1270 1161 1499 1204 interfecti.
1516 1161 1623 1218 Qui-

258 1240 337 1283 bus
376 1241 503 1283 rcbus
536 1241 763 1293 confectis,
793 1240 924 1301 vulgo
956 1241 1009 1284 ad
1037 1258 1158 1283 arma
1192 1240 1523 1301 libertatemque
1551 1258 1625 1283 vo·

259 1328 374 1372 cato,
398 1336 483 1361 non
519 1319 659 1362 solum
693 1321 765 1379 qui
796 1321 838 1362 in
868 1320 974 1362 urbe
1002 1330 1145 1374 crant,
1175 1320 1248 1363 sed
1275 1321 1405 1364 etiam
1434 1320 1625 1379 undique

258 1415 309 1440 cx
334 1399 447 1458 agris
478 1409 816 1454 concurrerunt,
840 1399 1087 1458 praesidium
1114 1399 1545 1442 Lacedaemoniorum
1575 1416 1624 1441 ex

259 1493 355 1519 arce
379 1476 661 1537 pepulerunt,
689 1479 873 1537 patriam
898 1477 1122 1521 obsidione
1141 1477 1454 1534 liberaverunt,
1478 1488 1627 1521 aucto-

259 1572 326 1599 res
349 1556 549 1599 Cadmeae
583 1557 846 1616 occupandae
886 1558 1044 1616 partim
1078 1557 1354 1612 occiderunt,
1390 1558 1547 1617 partim
1584 1558 1626 1599 in

260 1634 458 1679 exsilium
477 1637 710 1696 ejecerunt.

323 1718 398 1759 IV.
427 1719 519 1759 Hoc
543 1726 631 1758 tam
658 1716 833 1759 turbido
852 1727 1067 1776 tempore,
1091 1717 1203 1759 sicut
1227 1733 1356 1775 supra
1383 1716 1626 1769 docuimus,

262 1794 586 1855 Epaminondas
602 1829 612 1849 ,
635 1795 779 1855 quoad
806 1812 904 1838 cum
929 1796 1095 1838 civibus
1121 1795 1376 1838 dimicatum
1400 1804 1489 1848 est,
1511 1794 1628 1837 domi

262 1875 433 1933 quietus
458 1873 553 1917 fuit.
583 1876 738 1934 Itaque
767 1874 858 1917 haec
888 1873 1212 1917 liberandarum
1245 1874 1495 1917 Thebarum
1527 1890 1629 1933 pro-

264 1953 356 2011 pria
392 1952 485 1996 laus
516 1963 580 1997 est
614 1953 861 2013 Pelopidae:
893 1963 1044 1996 ccterae
1079 1953 1167 1996 fcrc
1199 1970 1348 1996 omnes
1379 1969 1629 1996 communes

264 2049 362 2075 cum
399 2033 713 2092 Epaminonda.
746 2035 948 2092 Namque
979 2034 1207 2076 Leuctrica
1243 2049 1406 2092 pugna,
1446 2033 1629 2091 impera-

266 2121 360 2154 tore
383 2112 705 2171 Epaminonda,
733 2112 803 2154 liic
827 2111 906 2154 fuit
927 2111 1013 2154 dux
1035 2111 1210 2154 delectae
1230 2128 1403 2162 manus,
1428 2127 1522 2170 quae
1542 2111 1631 2170 pri-

265 2208 335 2234 ma
365 2190 622 2252 phalangem
655 2192 888 2251 prostravit
916 2193 1155 2234 Laconum.
1187 2191 1402 2234 Omnibus
1427 2199 1632 2249 praeterea

267 2269 470 2330 periculis
496 2270 619 2313 affuit
647 2287 655 2313 :
681 2271 809 2321 sicut,
833 2272 1033 2330 Spartam
1056 2286 1190 2329 quum
1215 2270 1507 2330 oppugnavit,
1531 2269 1634 2312 alte-

267 2367 364 2393 rum
393 2351 534 2393 tenuit
561 2367 724 2403 cornu3
747 2367 920 2410 quoque
950 2352 1148 2393 Messena
1178 2349 1360 2393 celerius
1389 2351 1635 2392 restituere-

269 2439 361 2483 tur,
392 2428 557 2489 legatus
589 2430 631 2471 in
665 2431 816 2472 Persas
848 2439 911 2471 est
941 2429 1173 2489 profectus.
1204 2429 1403 2487 Denique
1429 2427 1519 2471 haec
1553 2427 1633 2471 fuit

268 2507 401 2552 altera
427 2525 609 2568 persona
630 2509 810 2563 Thebis,
836 2508 907 2551 sed
938 2519 1079 2551 tamen
1108 2508 1318 2555 secunda,
1343 2508 1398 2549 ita
1422 2517 1467 2550 ut
1491 2506 1634 2566 proxi-

271 2604 339 2630 ma
358 2598 466 2630 esset
487 2587 809 2647 Epaminondae.
