1859 3310
345 202 413 237 192
691 187 898 222 JoA-Nms
928 186 1075 219 HENR.
1107 182 1361 217 sanEGI-:L

390 274 500 309 Plane
526 273 690 308 diversus
717 272 812 306 liber
840 278 892 306 est
919 284 939 304 a
965 270 1049 305 vitis
1077 269 1342 315 imperatorum
1362 263 1438 301 vita
1466 263 1600 308 Attici,
1626 265 1709 302 licet

342 336 389 372 ab
411 336 541 371 eodem
561 341 709 369 auctore
729 332 946 378 conscripta.
969 331 1104 366 Merito
1124 330 1291 366 laudatur
1306 329 1382 364 haec
1402 330 1450 364 ab
1469 327 1642 364 omnibus
1661 328 1710 362 ob

343 397 610 445 ingenuitatem
643 402 679 430 et
708 394 758 429 ob
791 400 907 428 artem
937 393 1175 439 singularem,
1211 405 1283 439 qua
1313 391 1476 427 hominis
1506 392 1701 439 privati‚a

343 459 495 505 strepitu
521 468 708 492 armorum
731 462 766 490 et
795 455 843 490 ab
870 454 1076 489 honoribus
1108 454 1238 499 alieni,
1269 454 1420 488 virtutes
1454 459 1711 499 exponuntur3

345 527 398 555 est
422 526 543 553 tamen
573 529 842 563 nonnunquam
869 515 1063 551 obscurior
1093 516 1143 550 ob
1174 515 1439 562 negligentiam
1470 514 1509 548 in
1542 521 1711 561 tempore

346 579 523 615 notando.
543 578 740 614 Scribendi
760 577 856 613 ratio
875 583 1057 612 monstrat
1079 583 1265 612 auctorem
1277 589 1416 612 summa
1430 575 1658 610 humanitate
1677 581 1714 610 et

347 639 543 688 prudentia
563 639 775 687 praeditum,
797 638 1027 685 amicumque
1054 644 1284 672 constantem
1306 644 1342 673 et
1364 637 1572 672 amabilem.

529 781 606 823 ΙΠ.
643 778 976 823 Observationes
1001 779 1160 822 cn'tc'coe
1185 787 1225 821 et
1242 777 1533 838 philologaeoe.

401 931 616 980 Speciminis
640 932 722 966 loco
742 931 840 966 dabo
867 930 1144 965 observationes
1167 929 1344 977 quasdam
1365 930 1529 973 criticas,
1547 929 1719 977 antiqua-

350 994 437 1038 rias,
463 993 673 1037 historicas,
702 1005 739 1027 ea
764 999 906 1026 tantum
928 991 1109 1038 deligens,
1133 1004 1211 1038 qnae
1236 991 1328 1025 scitu
1346 991 1506 1037 jucunda
1535 998 1570 1025 et
1595 991 1719 1033 utilia,

352 1068 430 1103 quae
453 1054 619 1090 ulteriori
645 1053 895 1100 disquisitioni
916 1060 999 1099 apta
1025 1052 1207 1087 videntur.
1230 1052 1268 1087 Si
1291 1052 1387 1086 enim
1408 1051 1548 1096 omnia,
1575 1064 1654 1099 quae
1672 1051 1718 1086 ad

351 1117 427 1152 haec
457 1117 576 1163 capita
605 1115 733 1151 referri
766 1121 939 1162 possunt,
970 1114 1179 1148 examinare
1210 1113 1460 1157 instituerem,
1489 1125 1567 1149 non
1604 1125 1720 1149 essem

352 1184 663 1227 dissertationem,
683 1183 748 1218 sed
762 1183 899 1228 justum
920 1182 1095 1217 volumen
1117 1181 1356 1216 exhibiturus.

404 1246 432 1279 Ι.
465 1249 611 1279 Attente
624 1245 786 1290 legentes
806 1242 1037 1284 Cornelium,
1056 1245 1209 1277 lacunas
1227 1243 1266 1276 in
1285 1254 1330 1277 eo
1344 1242 1597 1278 observabunt
1614 1242 1722 1286 duas,

353 1307 439 1341 licet
462 1318 530 1340 nec
553 1305 591 1339 in
617 1304 805 1339 codicibus
829 1303 955 1338 necin
984 1303 1148 1338 editione
1167 1303 1355 1350 principe,
1376 1310 1412 1339 et
1430 1304 1488 1348 iis,
1528 1317 1606 1351 quae
1630 1304 1722 1339 sub-

355 1374 483 1402 secutae
510 1373 610 1410 sunt,
640 1366 755 1400 ullum
782 1371 931 1400 notetur
957 1377 1081 1400 earum
1107 1365 1313 1412 vestigium.
1344 1365 1483 1409 Prima,
1512 1378 1622 1412 quam
1648 1366 1723 1412 jam

357 1428 567 1464 observavit
595 1426 813 1471 Lambinus,
845 1433 898 1462 est
925 1426 964 1461 in
991 1426 1067 1460 vita
1090 1427 1295 1472 Lysandri,
1326 1426 1394 1461 sub
1419 1424 1532 1461 finem
1559 1439 1638 1474 cap.
1667 1439 1725 1471 113

357 1490 487 1532 altera,
515 1501 593 1536 quae
617 1487 790 1523 Lambini
809 1487 924 1523 aciem
947 1487 1094 1535 effugit,
1113 1494 1149 1523 et
1172 1487 1220 1522 ab
1241 1489 1408 1535 Augusto
1432 1488 1626 1523 Buchnero
1647 1487 1727 1535 pri-

356 1563 456 1586 mum
475 1557 599 1585 notata
625 1556 697 1592 est,
716 1549 755 1583 in
777 1549 853 1584 vita
871 1550 1065 1592 Eumenis,
1087 1562 1166 1596 cap.
1188 1561 1245 1584 xi.
1269 1549 1432 1596 Uterque
1458 1549 1559 1584 locus
1582 1549 1727 1597 punctis

357 1625 419 1648 seu
443 1611 620 1647 asteriscis
644 1610 827 1646 indicatur
847 1623 867 1645 a
889 1610 1174 1655 recentioribus,
1195 1623 1285 1657 quos
1307 1611 1418 1655 novi,
1440 1610 1636 1658 plerisque.
1654 1611 1726 1645 Vix

356 1679 609 1720 argumentum
637 1671 753 1718 majus
781 1684 856 1706 esse
880 1678 1020 1719 potest,
1048 1672 1198 1718 periisse
1227 1685 1354 1707 omnes
1378 1672 1468 1707 olim
1493 1672 1539 1707 ab
1566 1672 1727 1719 antiqui-

357 1740 429 1768 tate
448 1733 594 1768 relictos
611 1733 755 1768 codices
768 1732 874 1778 hujus
894 1733 998 1777 libri,
1017 1739 1150 1780 praeter
1167 1733 1270 1768 illum
1287 1746 1419 1778 unum,
1434 1745 1542 1780 quem
1560 1733 1728 1767 AEmilius

357 1794 497 1829 Probus
521 1794 763 1841 exscripserat
785 1794 997 1829 Theodosio
1021 1794 1290 1839 exhibendum3
1316 1802 1351 1830 et
1374 1807 1420 1830 ex
1445 1795 1526 1829 solo
1548 1794 1620 1830 hoc
1639 1807 1729 1842 apo-

358 1855 517 1902 grapho,
537 1855 599 1902 qui
622 1861 656 1890 et
675 1855 752 1901 ipse
777 1854 918 1889 dudum
944 1855 1097 1903 periisse
1122 1855 1284 1899 videtur,
1310 1862 1485 1902 tanquam
1510 1855 1749 1903 archetypo„

359 1915 539 1951 effluxisse
558 1916 694 1951 sensim
712 1928 860 1960 omnes,
886 1915 949 1963 qui
967 1916 1086 1951 adhuc
1105 1928 1172 1963 per
1190 1917 1376 1964 Europam
1398 1917 1642 1964 reperiuntur,
1661 1928 1727 1951 co·-

360 1977 458 2012 dices
480 1989 590 2012 manu
619 1983 799 2011 exaratos.

413 2038 536 2072 Enatae
561 2044 644 2071 sunt
671 2037 825 2080 lacunae,
847 2037 1055 2081 breviores,
1076 2038 1193 2084 qualis
1218 2038 1281 2072 illa
1305 2038 1343 2072 in
1371 2038 1535 2073 Eumene
1559 2037 1730 2073 habenda

360 2105 428 2141 est,
447 2110 492 2133 ex
512 2097 703 2132 oscitantia
720 2097 882 2140 librarii;
896 2098 1101 2145 longiores,
1122 2098 1238 2144 qualis
1251 2111 1292 2134 ea
1312 2098 1350 2132 in
1368 2099 1560 2147 Lysandro
1578 2098 1732 2146 (omissa

361 2166 414 2193 cst
440 2157 537 2193 enim
563 2165 640 2192 tota
664 2170 742 2201 res,
771 2170 881 2204 quam
906 2159 1030 2205 Nepos
1057 2165 1270 2193 narraturus
1293 2158 1411 2208 erat),
1440 2172 1501 2195 seu
1530 2172 1574 2194 ex
1604 2159 1732 2195 eadem

361 2218 572 2261 oscitantia,
597 2231 678 2261 seu,
703 2219 812 2254 etiam
841 2219 942 2265 quod
967 2220 1096 2267 saepius
1119 2220 1270 2264 accidit,
1294 2220 1431 2255 codicis
1456 2220 1621 2268 primarii
1648 2233 1733 2255 mu·—

359 2279 539 2315 tilatione.
563 2279 672 2314 Pauci
695 2279 792 2315 inter
811 2279 931 2315 bonos
955 2292 1101 2328 quoque
1125 2281 1269 2316 codices
1296 2281 1530 2328 reperiuntur
1551 2281 1563 2309 l
1569 2281 1608 2317 id
1634 2281 1733 2316 enim

362 2340 460 2375 casui
479 2347 513 2375 et
534 2340 701 2375 humanae
723 2340 913 2387 fragilitati
935 2341 1117 2389 dandum)
1147 2342 1226 2377 sine
1245 2342 1368 2389 aliquo
1388 2342 1543 2378 defectu.
1567 2343 1606 2378 Si
1627 2355 1646 2377 e
1670 2342 1732 2377 di-

361 2400 473 2436 versis
493 2407 707 2436 emanarunt
726 2401 905 2445 fontibus,
926 2402 1117 2437 exhibebit
1131 2403 1238 2438 facile
1257 2415 1366 2447 unus,
1385 2403 1485 2450 quod
1505 2403 1734 2438 desideratur

362 2463 399 2496 in
422 2462 512 2496 aliis.
541 2462 600 2497 Sic
622 2463 802 2498 nonnulla
821 2463 956 2510 scripta
979 2471 1162 2509 veterum,
1188 2477 1266 2511 quae
1296 2476 1424 2499 manca
1451 2471 1555 2499 erant
1583 2464 1622 2498 in
1649 2464 1733 2499 edi-

362 2524 462 2559 tione
482 2523 618 2570 prima,
637 2537 737 2559 novo
759 2525 905 2568 codice,
924 2526 983 2561 vel
1003 2526 1112 2561 etiam
1132 2526 1283 2573 singulis
1302 2533 1443 2561 tantum
1465 2525 1561 2560 foliis
1581 2533 1615 2561 et
1634 2525 1733 2573 frag-

361 2584 493 2620 mentis
514 2585 684 2631 repertis,
705 2585 860 2621 feliciter
882 2587 1049 2633 suppleta
1074 2587 1216 2621 scimus.
1243 2587 1310 2622 Sin
1335 2599 1424 2622 vero
1443 2586 1579 2622 eaedem
1598 2587 1734 2622 lacunae
