1859 3310
480 262 531 295 IN
561 262 700 294 VlTAS
731 260 933 294 EXCELL.
967 259 1131 293 IMPER.
1416 273 1488 307 219

119 348 194 385 tur,
220 342 429 389 symbolum
456 349 533 378 erat
560 343 709 390 Sparta>
733 340 909 382 civitatis,
939 339 1038 386 cujus
1064 351 1203 375 nomen
1221 340 1337 374 oritur
1362 353 1380 374 a
1400 354 1490 376 voce

120 402 291 450 σπάρτη,
310 404 408 439 funis
431 410 615 451 sparteus,
633 403 692 437 vel
715 415 735 436 a
755 399 926 448 σ’παρτίτ,
945 401 1059 437 sativa
1071 428 1081 446 ,
1099 401 1293 445 seminata,
1318 401 1491 448 idemque

121 478 162 500 ac
172 462 201 500 οἱ
216 464 400 514 corneus,
410 464 596 507 Thebani,
609 463 649 498 id
659 470 730 508 est,
743 475 788 499 ex
799 463 970 499 draconis
981 463 1111 498 Cadmi
1122 463 1294 498 dentibus
1307 461 1392 497 satis
1403 463 1490 496 nati.

174 529 336 563 Helotes.
362 526 468 563 Servi
490 524 630 573 publici
655 525 734 572 qui,
760 525 858 572 apud
882 525 1201 570 Lacedaemonios,
1225 524 1321 572 agris
1346 523 1492 558 arandis

122 589 311 636 praepositi
328 593 449 631 erant,
474 594 510 622 et
533 586 665 622 urbem
690 587 930 631 Laconicam,
955 599 1033 634 quae
1059 587 1262 622 vocabatur
1289 586 1423 627 Helos,
1446 585 1494 620 ab

122 645 220 694 ἕλος,
245 650 370 697 palus,
391 649 494 683 locus
518 647 716 695 paludosus
729 675 739 692 ‚
757 648 981 684 incolebant.

174 712 256 746 Cn».
288 710 350 745 IV.
385 709 560 758 Argilius.
586 711 712 746 Graece
741 706 826 756 02va
845 708 1051 760 Ἀργίλιος,
1077 708 1175 756 apud
1197 706 1423 756 Thucydid„
1455 720 1467 742 1
1485 735 1495 752 ‚

130 771 219 816 132,
235 770 328 806 mihi
345 770 493 806 videtur
509 783 647 807 nomen
660 771 855 819 proprium
878 784 898 806 a
922 783 1014 807 voce
1033 768 1148 820 ἀργός
1166 776 1227 805 aut
1245 765 1395 820 ἄργιος,
1411 781 1496 804 can—

123 832 233 868 didus
256 839 297 868 ut
314 832 435 879 pullus
452 832 627 868 milvinus
644 833 704 868 vel
727 832 933 877 catamitus,
956 832 1172 868 derivatum.

176 895 321 929 Fanum
337 895 507 942 Neptuni.
529 894 647 941 Hujus
665 895 794 942 templi
810 894 1012 930 meminere
1032 894 1188 938 Strabo,
1207 905 1266 937 1x;
1289 893 1408 937 Mela,
1426 904 1497 935 111,

129 956 169 1000 33
188 955 425 1000 Plutarchus,
443 956 480 990 in
502 956 703 1004 Pompeio‚·
725 957 930 1003 Stephanus
948 963 984 991 et
1003 955 1076 990 alii.

179 1019 227 1052 In
255 1029 325 1050 ara
355 1017 528 1051 consedit.
566 1016 641 1060 Qui
669 1017 954 1064 supplicantium
983 1029 1064 1051 mos
1100 1021 1187 1050 erat.
1214 1013 1272 1049 Sic
1307 1012 1498 1060 Virgilius,

128 1077 273 1113 AEnetd.
281 1104 294 1120 ,
317 1089 371 1121 11,
387 1076 479 1122 574,
498 1077 544 1112 de
569 1078 710 1112 Helena
730 1091 736 1112 ε
758 1079 836 1112 aris
855 1079 969 1113 invisa
988 1077 1145 1112 sedebat.

179 1139 262 1174 CAP.
283 1140 325 1174 V.
346 1140 395 1173 In
413 1139 535 1174 oedem
554 1139 756 1182 Miner-vce,
779 1152 865 1186 quoe
882 1143 894 1172 (
909 1138 1118 1173 'halciaecos
1130 1144 1290 1172 vocatur.
1309 1135 1354 1170 In
1374 1146 1502 1181 quam,

128 1201 229 1236 velut
251 1199 300 1235 ad
318 1201 475 1248 asylum,
500 1200 563 1247 qui
587 1200 845 1247 confugerant,
869 1199 1087 1247 impunitate
1115 1197 1362 1233 donabantur.
1389 1194 1503 1230 Chal-

128 1262 258 1297 cioecos
278 1260 406 1310 (graece
416 1259 662 1307 Χαλκίοικος,
682 1274 812 1297 aeream
835 1261 950 1297 aedem
969 1259 1144 1308 habens),
1165 1259 1228 1294 alii
1248 1257 1295 1292 ad
1313 1257 1446 1300 aedem,
1465 1262 1504 1290 ut

129 1323 168 1357 in
201 1323 273 1358 Tit.
298 1323 398 1368 Liv.‚
427 1336 546 1368 xxxv,
578 1323 644 1368 363
673 1323 735 1358 alii
764 1323 812 1358 ad
839 1323 1048 1358 Minervam
1071 1321 1247 1356 referunt.
1271 1316 1504 1365 Thucydides

130 1396 238 1430 vero,
261 1397 370 1432 quem
394 1385 625 1432 potissimum
651 1386 689 1420 C.
710 1386 835 1432 Nepos
854 1384 1037 1431 sequitur,
1061 1383 1111 1418 ait
1134 1383 1177 1418 τὶ)
1204 1379 1287 1428 ῐερον
1307 1376 1372 1417 τῆς
1396 1382 1504 1414 Χαλ-

132 1451 283 1482 κιοίκιυ.
303 1446 414 1482 Unde
427 1446 498 1483 hoc
510 1447 555 1481 ad
574 1446 782 1482 Minervam
800 1446 938 1482 referre
956 1445 1093 1480 malim.

583 1577 631 1605 IN
669 1576 858 1623 CIMONIS
896 1575 1050 1603 VITAM.

187 1683 269 1717 Car.
291 1682 320 1716 I.
343 1682 580 1716 Germanam.
601 1680 744 1715 Eodem
763 1687 886 1726 patre,
904 1678 969 1714 sed
991 1678 1138 1713 diversa
1157 1684 1273 1711 matre
1292 1683 1424 1711 natam.

191 1744 320 1779 Patrio
349 1755 458 1777 more.
488 1743 565 1777 Lex
595 1748 673 1777 erat
700 1740 854 1777 Athenis
887 1747 926 1775 ut
958 1739 1123 1787 proximi
1154 1738 1316 1785 virgines
1341 1738 1451 1772 orbas
1475 1745 1509 1772 et

138 1804 323 1840 indotatas
341 1803 529 1838 ducerent.

191 1867 274 1902 CAP.
294 1866 342 1900 ΙΙ.
364 1865 528 1899 Sessores
545 1872 699 1899 veteres.
719 1863 870 1899 Rectius
892 1863 988 1898 forte
1010 1862 1207 1909 legendum
1224 1872 1467 1908 possessores.

190 1928 272 1963 CAP.
300 1927 367 1962 ΙΙΙ.
387 1926 572 1974 Ceterique
589 1925 868 1960 Atheniensium
877 1925 1077 1972 principes.
1094 1923 1258 1958 Theseus
1272 1921 1426 1965 scilicet,
1445 1922 1514 1956 So-

147 1991 224 2033 lon,
243 1987 437 2031 Aristides,
457 1986 744 2030 Themistocles,
766 1985 952 2030 Phocion,
980 1985 1114 2032 aliique
1141 1984 1361 2031 complures.

196 2049 299 2085 Citio.
320 2048 425 2093 Citii,
448 2049 648 2083 stoicorum
666 2055 770 2083 sectae
791 2047 982 2091 conditor,
997 2048 1099 2082 Zeno
1121 2053 1226 2080 natus
1245 2051 1334 2079 erat.

195 2128 209 2143 α
235 2111 362 2147 Facies
387 2109 552 2144 Cimonis
578 2110 617 2144 in
642 2121 882 2144 nummorum
905 2120 1073 2143 meorum
1102 2119 1196 2151 uno,
1217 2105 1338 2152 inquit
1368 2104 1516 2148 Rosius,

143 2172 372 2220 conspicitur
406 2183 489 2206 cum
520 2170 762 2217 inscriptione
790 2170 1022 2206 ΚὙΜΟΝΟΣ
1057 2167 1297 2204 ΔΘΗΝΑΙΟὙ
1335 2164 1518 2214 (Cimonis

146 2231 412 2280 Atheniensis).
435 2233 479 2267 In
505 2230 648 2278 postica
669 2238 774 2278 parte
798 2231 965 2267 Victoria
985 2229 1176 2266 seminuda
1200 2228 1309 2264 armis
1335 2227 1519 2270 insidens,

145 2296 275 2331 dextra
296 2294 476 2341 palmam,
501 2292 647 2327 sinistra
666 2293 835 2339 clypeum
854 2299 1000 2336 tenens,
1019 2292 1059 2326 in
1085 2303 1159 2338 quo
1182 2291 1289 2324 NIKH
1311 2287 1516 2336 (vz'ctoria):

146 2357 260 2399 infra,
273 2355 514 2392 ΑΘΗΝΑῙΩΝ
532 2352 848 2403 (Atheniensium)
865 2366 873 2388 :
893 2353 1030 2388 circum
1049 2351 1270 2395 Victoriam,
1289 2349 1424 2384 RATA
1437 2351 1518 2383 ΛΑ-

147 2415 510 2456 ΚΕΔΑΙΜΟΝΙΩΝ
537 2414 601 2465 (de
617 2412 945 2463 Lacedaemoniis).
970 2413 1249 2456 Recenfiorem,
1273 2419 1309 2446 et
1332 2409 1520 2458 superiore

147 2481 279 2516 saeculo
298 2492 422 2515 cusum
437 2491 535 2522 esse,
556 2478 619 2512 vix
647 2476 790 2512 dubito.
816 2477 991 2511 Hermam
1017 2475 1111 2522 ejus,
1136 2474 1200 2510 sed
1226 2473 1343 2521 capite
1367 2479 1519 2507 trunca-

148 2550 242 2585 tum,
273 2541 452 2576 exhibent
475 2539 601 2574 Ursini
629 2538 830 2585 imagines,
856 2551 954 2572 num.
989 2536 1048 2580 46.
1080 2553 1094 2567 »
1121 2537 1298 2571 Nummus
1324 2535 1521 2582 Syracusa—

150 2616 231 2639 rum
250 2602 401 2638 exhibet
415 2601 451 2636 in
466 2601 585 2636 antica
600 2607 703 2648 parte
723 2606 834 2647 caput
846 2598 1078 2646 Proserpinae
1097 2610 1161 2633 seu
1178 2596 1301 2644 potius
1322 2595 1521 2635 Arethusae,

152 2677 235 2699 cum
261 2664 461 2712 epigraphe
481 2662 725 2707 APEQOEA3
744 2662 781 2696 in
806 2662 943 2709 postica
971 2674 1057 2697 vero
1083 2659 1281 2707 quamdam
1305 2655 1461 2703 effigiem
1485 2656 1522 2690 in
