<?xml version="1.0" encoding="UTF-8"?>
<!DOCTYPE html PUBLIC "-//W3C//DTD XHTML 1.0 Transitional//EN"
    "http://www.w3.org/TR/xhtml1/DTD/xhtml1-transitional.dtd">
<html xmlns="http://www.w3.org/1999/xhtml" xml:lang="en" lang="en">
 <head>
  <title>
</title>
<meta http-equiv="Content-Type" content="text/html;charset=utf-8" />
  <meta name='ocr-system' content='tesseract 3.04.00' />
  <meta name='ocr-capabilities' content='ocr_page ocr_carea ocr_par ocr_line ocrx_word'/>
</head>
<body>
  <div class='ocr_page' id='page_1' title='image "./operanepo00nepouoft_0112.png"; bbox 0 0 1859 3310; ppageno 0'>
   <div class='ocr_carea' id='block_1_1' title="bbox 372 230 1445 278">
    <p class='ocr_par' dir='ltr' id='par_1_1' title="bbox 372 230 1445 278">
     <span class='ocr_line' id='line_1_1' title="bbox 372 230 1445 278; baseline -0.001 -13"><span class='ocrx_word' id='word_1_1' title='bbox 372 236 418 278; x_wconf 59' lang='lat'>95</span> <span class='ocrx_word' id='word_1_2' title='bbox 667 231 897 266; x_wconf 85' lang='lat' dir='ltr'>CORNELII</span> <span class='ocrx_word' id='word_1_3' title='bbox 929 231 1134 266; x_wconf 88' lang='lat' dir='ltr'>NEPOTIS</span> <span class='ocrx_word' id='word_1_4' title='bbox 1172 230 1445 266; x_wconf 72' lang='lat' dir='ltr'>AGESILAUS.</span> 
     </span>
    </p>
   </div>
   <div class='ocr_carea' id='block_1_2' title="bbox 364 311 1744 1945">
    <p class='ocr_par' dir='ltr' id='par_1_2' title="bbox 364 311 1744 1945">
     <span class='ocr_line' id='line_1_2' title="bbox 372 311 1740 374; baseline -0.001 -17"><span class='ocrx_word' id='word_1_5' title='bbox 372 314 556 374; x_wconf 88' lang='lat' dir='ltr'>demque</span> <span class='ocrx_word' id='word_1_6' title='bbox 578 315 757 358; x_wconf 82' lang='lat' dir='ltr'>comites</span> <span class='ocrx_word' id='word_1_7' title='bbox 779 331 930 357; x_wconf 88' lang='lat' dir='ltr'>omnes</span> <span class='ocrx_word' id='word_1_8' title='bbox 958 315 1286 368; x_wconf 87' lang='lat' dir='ltr'>accubuissent,</span> <span class='ocrx_word' id='word_1_9' title='bbox 1309 315 1468 357; x_wconf 81' lang='lat' dir='ltr'>vestitu</span> <span class='ocrx_word' id='word_1_10' title='bbox 1493 311 1648 357; x_wconf 87' lang='lat' dir='ltr'>humili</span> <span class='ocrx_word' id='word_1_11' title='bbox 1675 323 1740 356; x_wconf 86' lang='lat' dir='ltr'>at-</span> 
     </span>
     <span class='ocr_line' id='line_1_3' title="bbox 372 393 1741 453; baseline -0.002 -16"><span class='ocrx_word' id='word_1_12' title='bbox 372 411 455 453; x_wconf 92' lang='lat' dir='ltr'>que</span> <span class='ocrx_word' id='word_1_13' title='bbox 474 393 689 447; x_wconf 86' lang='lat' dir='ltr'>obsoleto,</span> <span class='ocrx_word' id='word_1_14' title='bbox 717 402 764 436; x_wconf 90' lang='lat' dir='ltr'>ut</span> <span class='ocrx_word' id='word_1_15' title='bbox 790 409 941 436; x_wconf 89' lang='lat' dir='ltr'>eorum</span> <span class='ocrx_word' id='word_1_16' title='bbox 968 403 1149 438; x_wconf 88' lang='lat' dir='ltr'>ornatus</span> <span class='ocrx_word' id='word_1_17' title='bbox 1174 411 1262 437; x_wconf 91' lang='lat' dir='ltr'>non</span> <span class='ocrx_word' id='word_1_18' title='bbox 1284 394 1414 437; x_wconf 90' lang='lat' dir='ltr'>modo</span> <span class='ocrx_word' id='word_1_19' title='bbox 1436 395 1478 436; x_wconf 90' lang='lat' dir='ltr'>in</span> <span class='ocrx_word' id='word_1_20' title='bbox 1504 394 1570 436; x_wconf 90' lang='lat' dir='ltr'>his</span> <span class='ocrx_word' id='word_1_21' title='bbox 1594 409 1741 453; x_wconf 84' lang='lat' dir='ltr'>regem</span> 
     </span>
     <span class='ocr_line' id='line_1_4' title="bbox 372 472 1742 533; baseline -0.001 -17"><span class='ocrx_word' id='word_1_22' title='bbox 372 475 589 516; x_wconf 89' lang='lat' dir='ltr'>neminem</span> <span class='ocrx_word' id='word_1_23' title='bbox 614 472 898 533; x_wconf 83' lang='lat' dir='ltr'>significaret,</span> <span class='ocrx_word' id='word_1_24' title='bbox 925 473 999 515; x_wconf 87' lang='lat' dir='ltr'>sed</span> <span class='ocrx_word' id='word_1_25' title='bbox 1023 473 1213 517; x_wconf 88' lang='lat' dir='ltr'>hominis</span> <span class='ocrx_word' id='word_1_26' title='bbox 1236 491 1323 517; x_wconf 89' lang='lat' dir='ltr'>non</span> <span class='ocrx_word' id='word_1_27' title='bbox 1346 472 1585 516; x_wconf 82' lang='lat' dir='ltr'>beatissimi</span> <span class='ocrx_word' id='word_1_28' title='bbox 1602 472 1742 532; x_wconf 88' lang='lat' dir='ltr'>suspi-</span> 
     </span>
     <span class='ocr_line' id='line_1_5' title="bbox 371 551 1740 612; baseline -0.001 -17"><span class='ocrx_word' id='word_1_29' title='bbox 371 553 541 596; x_wconf 80' lang='lat' dir='ltr'>cionem</span> <span class='ocrx_word' id='word_1_30' title='bbox 567 553 794 612; x_wconf 83' lang='lat' dir='ltr'>praeberet.</span> <span class='ocrx_word' id='word_1_31' title='bbox 823 553 965 611; x_wconf 88' lang='lat' dir='ltr'>Hujus</span> <span class='ocrx_word' id='word_1_32' title='bbox 993 552 1046 596; x_wconf 89' lang='lat' dir='ltr'>de</span> <span class='ocrx_word' id='word_1_33' title='bbox 1069 553 1260 596; x_wconf 86' lang='lat' dir='ltr'>adventu</span> <span class='ocrx_word' id='word_1_34' title='bbox 1289 553 1400 596; x_wconf 86' lang='lat' dir='ltr'>fama</span> <span class='ocrx_word' id='word_1_35' title='bbox 1426 569 1561 612; x_wconf 91' lang='lat' dir='ltr'>quum</span> <span class='ocrx_word' id='word_1_36' title='bbox 1591 551 1645 594; x_wconf 89' lang='lat' dir='ltr'>ad</span> <span class='ocrx_word' id='word_1_37' title='bbox 1672 567 1740 594; x_wconf 87' lang='lat' dir='ltr'>re-</span> 
     </span>
     <span class='ocr_line' id='line_1_6' title="bbox 369 629 1741 692; baseline -0.001 -18"><span class='ocrx_word' id='word_1_38' title='bbox 369 632 461 691; x_wconf 84' lang='lat' dir='ltr'>gios</span> <span class='ocrx_word' id='word_1_39' title='bbox 484 640 593 674; x_wconf 84' lang='lat' dir='ltr'>esset</span> <span class='ocrx_word' id='word_1_40' title='bbox 619 629 809 690; x_wconf 88' lang='lat' dir='ltr'>perlata,</span> <span class='ocrx_word' id='word_1_41' title='bbox 835 630 1031 674; x_wconf 87' lang='lat' dir='ltr'>celeriter</span> <span class='ocrx_word' id='word_1_42' title='bbox 1060 648 1239 675; x_wconf 90' lang='lat' dir='ltr'>munera</span> <span class='ocrx_word' id='word_1_43' title='bbox 1265 649 1316 675; x_wconf 88' lang='lat' dir='ltr'>eo</span> <span class='ocrx_word' id='word_1_44' title='bbox 1339 633 1549 692; x_wconf 88' lang='lat' dir='ltr'>cujusque</span> <span class='ocrx_word' id='word_1_45' title='bbox 1572 630 1741 691; x_wconf 85' lang='lat' dir='ltr'>generis</span> 
     </span>
     <span class='ocr_line' id='line_1_7' title="bbox 369 708 1741 772; baseline 0 -20"><span class='ocrx_word' id='word_1_46' title='bbox 369 719 472 752; x_wconf 85' lang='lat' dir='ltr'>sunt</span> <span class='ocrx_word' id='word_1_47' title='bbox 495 708 636 752; x_wconf 85' lang='lat' dir='ltr'>allata.</span> <span class='ocrx_word' id='word_1_48' title='bbox 666 710 742 753; x_wconf 90' lang='lat' dir='ltr'>His</span> <span class='ocrx_word' id='word_1_49' title='bbox 778 710 1072 769; x_wconf 83' lang='lat' dir='ltr'>quaerentibus</span> <span class='ocrx_word' id='word_1_50' title='bbox 1102 710 1374 772; x_wconf 83' lang='lat' dir='ltr'>Agesilaum,</span> <span class='ocrx_word' id='word_1_51' title='bbox 1403 712 1473 754; x_wconf 88' lang='lat' dir='ltr'>vix</span> <span class='ocrx_word' id='word_1_52' title='bbox 1502 709 1741 754; x_wconf 84' lang='lat' dir='ltr'>fidesfacta</span> 
     </span>
     <span class='ocr_line' id='line_1_8' title="bbox 369 789 1740 849; baseline 0 -19"><span class='ocrx_word' id='word_1_53' title='bbox 369 798 451 843; x_wconf 84' lang='lat' dir='ltr'>est,</span> <span class='ocrx_word' id='word_1_54' title='bbox 478 804 616 831; x_wconf 88' lang='lat' dir='ltr'>unum</span> <span class='ocrx_word' id='word_1_55' title='bbox 645 805 736 832; x_wconf 88' lang='lat' dir='ltr'>esse</span> <span class='ocrx_word' id='word_1_56' title='bbox 761 804 810 831; x_wconf 86' lang='lat' dir='ltr'>ex</span> <span class='ocrx_word' id='word_1_57' title='bbox 836 789 903 832; x_wconf 84' lang='lat' dir='ltr'>his</span> <span class='ocrx_word' id='word_1_58' title='bbox 935 791 1009 849; x_wconf 92' lang='lat' dir='ltr'>qui</span> <span class='ocrx_word' id='word_1_59' title='bbox 1038 800 1131 833; x_wconf 89' lang='lat' dir='ltr'>tum</span> <span class='ocrx_word' id='word_1_60' title='bbox 1164 790 1449 833; x_wconf 81' lang='lat' dir='ltr'><strong>accubabant.</strong></span> <span class='ocrx_word' id='word_1_61' title='bbox 1481 790 1569 846; x_wconf 87' lang='lat' dir='ltr'>Qui</span> <span class='ocrx_word' id='word_1_62' title='bbox 1605 805 1740 849; x_wconf 88' lang='lat' dir='ltr'>quum</span> 
     </span>
     <span class='ocr_line' id='line_1_9' title="bbox 369 867 1744 928; baseline 0 -19"><span class='ocrx_word' id='word_1_63' title='bbox 369 867 481 928; x_wconf 84' lang='lat' dir='ltr'>regis</span> <span class='ocrx_word' id='word_1_64' title='bbox 512 868 655 910; x_wconf 87' lang='lat' dir='ltr'>verbis</span> <span class='ocrx_word' id='word_1_65' title='bbox 690 884 784 927; x_wconf 84' lang='lat' dir='ltr'>quae</span> <span class='ocrx_word' id='word_1_66' title='bbox 824 867 1063 911; x_wconf 83' lang='lat' dir='ltr'>attulerant</span> <span class='ocrx_word' id='word_1_67' title='bbox 1094 868 1340 924; x_wconf 82' lang='lat' dir='ltr'>dedissent,</span> <span class='ocrx_word' id='word_1_68' title='bbox 1368 868 1461 924; x_wconf 85' lang='lat' dir='ltr'>ille,</span> <span class='ocrx_word' id='word_1_69' title='bbox 1495 877 1650 928; x_wconf 87' lang='lat' dir='ltr'>praeter</span> <span class='ocrx_word' id='word_1_70' title='bbox 1680 868 1744 909; x_wconf 91' lang='lat' dir='ltr'>vi-</span> 
     </span>
     <span class='ocr_line' id='line_1_10' title="bbox 369 945 1741 1008; baseline 0.001 -20"><span class='ocrx_word' id='word_1_71' title='bbox 369 945 526 1001; x_wconf 89' lang='lat' dir='ltr'>tulina,</span> <span class='ocrx_word' id='word_1_72' title='bbox 553 957 596 989; x_wconf 90' lang='lat' dir='ltr'>et</span> <span class='ocrx_word' id='word_1_73' title='bbox 625 947 874 1006; x_wconf 85' lang='lat' dir='ltr'>hujusmodi</span> <span class='ocrx_word' id='word_1_74' title='bbox 899 964 1056 1008; x_wconf 84' lang='lat' dir='ltr'>genera</span> <span class='ocrx_word' id='word_1_75' title='bbox 1079 948 1269 1005; x_wconf 85' lang='lat' dir='ltr'>obsonii,</span> <span class='ocrx_word' id='word_1_76' title='bbox 1300 964 1394 1008; x_wconf 81' lang='lat' dir='ltr'>quae</span> <span class='ocrx_word' id='word_1_77' title='bbox 1425 963 1609 1008; x_wconf 87' lang='lat' dir='ltr'>praesens</span> <span class='ocrx_word' id='word_1_78' title='bbox 1630 956 1741 990; x_wconf 88' lang='lat' dir='ltr'>tem-</span> 
     </span>
     <span class='ocr_line' id='line_1_11' title="bbox 370 1025 1742 1088; baseline 0.001 -20"><span class='ocrx_word' id='word_1_79' title='bbox 370 1042 448 1085; x_wconf 91' lang='lat' dir='ltr'>pus</span> <span class='ocrx_word' id='word_1_80' title='bbox 480 1025 772 1082; x_wconf 82' lang='lat' dir='ltr'>desiderabat,</span> <span class='ocrx_word' id='word_1_81' title='bbox 800 1027 911 1071; x_wconf 90' lang='lat' dir='ltr'>nihil</span> <span class='ocrx_word' id='word_1_82' title='bbox 942 1028 1134 1088; x_wconf 78' lang='lat' dir='ltr'>accepit3</span> <span class='ocrx_word' id='word_1_83' title='bbox 1170 1037 1414 1088; x_wconf 86' lang='lat' dir='ltr'>unguenta,</span> <span class='ocrx_word' id='word_1_84' title='bbox 1445 1044 1646 1083; x_wconf 86' lang='lat' dir='ltr'>coronas,</span> <span class='ocrx_word' id='word_1_85' title='bbox 1675 1042 1742 1070; x_wconf 91' lang='lat' dir='ltr'>se·</span> 
     </span>
     <span class='ocr_line' id='line_1_12' title="bbox 368 1104 1741 1167; baseline 0 -19"><span class='ocrx_word' id='word_1_86' title='bbox 368 1104 644 1165; x_wconf 87' lang='lat' dir='ltr'>cundamque</span> <span class='ocrx_word' id='word_1_87' title='bbox 670 1122 865 1150; x_wconf 85' lang='lat' dir='ltr'>mensam</span> <span class='ocrx_word' id='word_1_88' title='bbox 888 1108 1022 1150; x_wconf 86' lang='lat' dir='ltr'>servis</span> <span class='ocrx_word' id='word_1_89' title='bbox 1043 1107 1287 1167; x_wconf 82' lang='lat' dir='ltr'>dispertiit3</span> <span class='ocrx_word' id='word_1_90' title='bbox 1312 1116 1453 1151; x_wconf 86' lang='lat' dir='ltr'>cetera</span> <span class='ocrx_word' id='word_1_91' title='bbox 1476 1106 1627 1150; x_wconf 89' lang='lat' dir='ltr'>referri</span> <span class='ocrx_word' id='word_1_92' title='bbox 1649 1106 1741 1166; x_wconf 89' lang='lat' dir='ltr'>jus—</span> 
     </span>
     <span class='ocr_line' id='line_1_13' title="bbox 369 1185 1740 1248; baseline 0.001 -21"><span class='ocrx_word' id='word_1_93' title='bbox 369 1186 435 1228; x_wconf 90' lang='lat' dir='ltr'>sit.</span> <span class='ocrx_word' id='word_1_94' title='bbox 459 1186 562 1242; x_wconf 86' lang='lat' dir='ltr'>Quo</span> <span class='ocrx_word' id='word_1_95' title='bbox 584 1185 698 1228; x_wconf 85' lang='lat' dir='ltr'>facto</span> <span class='ocrx_word' id='word_1_96' title='bbox 725 1203 824 1229; x_wconf 90' lang='lat' dir='ltr'>eum</span> <span class='ocrx_word' id='word_1_97' title='bbox 843 1187 1018 1230; x_wconf 86' lang='lat' dir='ltr'>barbari</span> <span class='ocrx_word' id='word_1_98' title='bbox 1043 1187 1179 1248; x_wconf 79' lang='lat' dir='ltr'>magis</span> <span class='ocrx_word' id='word_1_99' title='bbox 1205 1188 1335 1230; x_wconf 84' lang='lat' dir='ltr'>etiam</span> <span class='ocrx_word' id='word_1_100' title='bbox 1365 1193 1740 1246; x_wconf 83' lang='lat' dir='ltr'>contempserunt.</span> 
     </span>
     <span class='ocr_line' id='line_1_14' title="bbox 368 1264 1739 1326; baseline 0 -19"><span class='ocrx_word' id='word_1_101' title='bbox 368 1264 485 1324; x_wconf 91' lang='lat' dir='ltr'>quod</span> <span class='ocrx_word' id='word_1_102' title='bbox 510 1281 610 1307; x_wconf 90' lang='lat' dir='ltr'>eum</span> <span class='ocrx_word' id='word_1_103' title='bbox 645 1267 895 1325; x_wconf 84' lang='lat' dir='ltr'>ignorantia</span> <span class='ocrx_word' id='word_1_104' title='bbox 928 1267 1144 1310; x_wconf 87' lang='lat' dir='ltr'>bonarum</span> <span class='ocrx_word' id='word_1_105' title='bbox 1181 1283 1327 1309; x_wconf 88' lang='lat' dir='ltr'>rerum</span> <span class='ocrx_word' id='word_1_106' title='bbox 1363 1265 1436 1309; x_wconf 87' lang='lat' dir='ltr'>illa</span> <span class='ocrx_word' id='word_1_107' title='bbox 1465 1265 1739 1326; x_wconf 89' lang='lat' dir='ltr'>potissimum</span> 
     </span>
     <span class='ocr_line' id='line_1_15' title="bbox 368 1344 1741 1407; baseline 0.001 -21"><span class='ocrx_word' id='word_1_108' title='bbox 368 1345 601 1404; x_wconf 87' lang='lat' dir='ltr'>sumpsisse</span> <span class='ocrx_word' id='word_1_109' title='bbox 625 1344 962 1389; x_wconf 85' lang='lat' dir='ltr'>arbitrabantur.</span> <span class='ocrx_word' id='word_1_110' title='bbox 990 1347 1071 1390; x_wconf 90' lang='lat' dir='ltr'>Hic</span> <span class='ocrx_word' id='word_1_111' title='bbox 1094 1363 1229 1406; x_wconf 89' lang='lat' dir='ltr'>quum</span> <span class='ocrx_word' id='word_1_112' title='bbox 1257 1363 1308 1389; x_wconf 84' lang='lat' dir='ltr'>ex</span> <span class='ocrx_word' id='word_1_113' title='bbox 1340 1348 1526 1407; x_wconf 81' lang='lat' dir='ltr'>AEgypto</span> <span class='ocrx_word' id='word_1_114' title='bbox 1552 1354 1741 1389; x_wconf 88' lang='lat' dir='ltr'>reverte-</span> 
     </span>
     <span class='ocr_line' id='line_1_16' title="bbox 369 1423 1741 1486; baseline 0 -20"><span class='ocrx_word' id='word_1_115' title='bbox 369 1432 512 1479; x_wconf 87' lang='lat' dir='ltr'>retur,</span> <span class='ocrx_word' id='word_1_116' title='bbox 538 1423 723 1468; x_wconf 82' lang='lat' dir='ltr'>donatus</span> <span class='ocrx_word' id='word_1_117' title='bbox 749 1441 773 1468; x_wconf 85' lang='lat' dir='ltr'>a</span> <span class='ocrx_word' id='word_1_118' title='bbox 802 1442 902 1486; x_wconf 87' lang='lat' dir='ltr'>rege</span> <span class='ocrx_word' id='word_1_119' title='bbox 925 1426 1227 1470; x_wconf 87' lang='lat' dir='ltr'>Nectanabide</span> <span class='ocrx_word' id='word_1_120' title='bbox 1256 1426 1455 1469; x_wconf 86' lang='lat' dir='ltr'>ducentis</span> <span class='ocrx_word' id='word_1_121' title='bbox 1486 1425 1646 1485; x_wconf 86' lang='lat' dir='ltr'>viginti</span> <span class='ocrx_word' id='word_1_122' title='bbox 1678 1434 1741 1466; x_wconf 88' lang='lat' dir='ltr'>ta-</span> 
     </span>
     <span class='ocr_line' id='line_1_17' title="bbox 369 1501 1739 1566; baseline 0.001 -21"><span class='ocrx_word' id='word_1_123' title='bbox 369 1501 516 1559; x_wconf 85' lang='lat' dir='ltr'>lentis,</span> <span class='ocrx_word' id='word_1_124' title='bbox 542 1520 635 1563; x_wconf 82' lang='lat' dir='ltr'>quae</span> <span class='ocrx_word' id='word_1_125' title='bbox 657 1503 728 1547; x_wconf 92' lang='lat' dir='ltr'>ille</span> <span class='ocrx_word' id='word_1_126' title='bbox 751 1506 922 1548; x_wconf 88' lang='lat' dir='ltr'>muneri</span> <span class='ocrx_word' id='word_1_127' title='bbox 944 1505 1107 1566; x_wconf 89' lang='lat' dir='ltr'>populo</span> <span class='ocrx_word' id='word_1_128' title='bbox 1132 1523 1210 1549; x_wconf 88' lang='lat' dir='ltr'>suo</span> <span class='ocrx_word' id='word_1_129' title='bbox 1229 1506 1378 1560; x_wconf 77' lang='lat' dir='ltr'>daret3</span> <span class='ocrx_word' id='word_1_130' title='bbox 1402 1506 1675 1564; x_wconf 88' lang='lat' dir='ltr'>venissetque</span> <span class='ocrx_word' id='word_1_131' title='bbox 1695 1504 1739 1546; x_wconf 93' lang='lat' dir='ltr'>in</span> 
     </span>
     <span class='ocr_line' id='line_1_18' title="bbox 366 1585 1742 1647; baseline 0.001 -21"><span class='ocrx_word' id='word_1_132' title='bbox 366 1592 543 1642; x_wconf 88' lang='lat' dir='ltr'>portum</span> <span class='ocrx_word' id='word_1_133' title='bbox 580 1585 655 1643; x_wconf 91' lang='lat' dir='ltr'>qui</span> <span class='ocrx_word' id='word_1_134' title='bbox 687 1585 878 1628; x_wconf 87' lang='lat' dir='ltr'>Menelai</span> <span class='ocrx_word' id='word_1_135' title='bbox 909 1596 1109 1642; x_wconf 89' lang='lat' dir='ltr'>vocatur,</span> <span class='ocrx_word' id='word_1_136' title='bbox 1138 1588 1289 1647; x_wconf 85' lang='lat' dir='ltr'>jacens</span> <span class='ocrx_word' id='word_1_137' title='bbox 1322 1588 1436 1630; x_wconf 84' lang='lat' dir='ltr'>inter</span> <span class='ocrx_word' id='word_1_138' title='bbox 1470 1588 1663 1646; x_wconf 83' lang='lat' dir='ltr'>Cyrenas</span> <span class='ocrx_word' id='word_1_139' title='bbox 1697 1594 1742 1628; x_wconf 84' lang='lat' dir='ltr'>et</span> 
     </span>
     <span class='ocr_line' id='line_1_19' title="bbox 366 1663 1738 1727; baseline 0.002 -23"><span class='ocrx_word' id='word_1_140' title='bbox 366 1663 601 1723; x_wconf 84' lang='lat' dir='ltr'>AEgyptum</span> <span class='ocrx_word' id='word_1_141' title='bbox 620 1698 631 1718; x_wconf 84' lang='lat'>,</span> <span class='ocrx_word' id='word_1_142' title='bbox 676 1665 719 1707; x_wconf 90' lang='lat' dir='ltr'>in</span> <span class='ocrx_word' id='word_1_143' title='bbox 762 1666 967 1709; x_wconf 87' lang='lat' dir='ltr'>morbum</span> <span class='ocrx_word' id='word_1_144' title='bbox 1011 1666 1248 1727; x_wconf 88' lang='lat' dir='ltr'>implicitus</span> <span class='ocrx_word' id='word_1_145' title='bbox 1292 1667 1487 1710; x_wconf 87' lang='lat' dir='ltr'>decessit.</span> <span class='ocrx_word' id='word_1_146' title='bbox 1529 1666 1596 1708; x_wconf 90' lang='lat' dir='ltr'>Ibi</span> <span class='ocrx_word' id='word_1_147' title='bbox 1638 1681 1738 1708; x_wconf 88' lang='lat' dir='ltr'>eum</span> 
     </span>
     <span class='ocr_line' id='line_1_20' title="bbox 365 1743 1739 1806; baseline 0.001 -22"><span class='ocrx_word' id='word_1_148' title='bbox 365 1743 514 1798; x_wconf 85' lang='lat' dir='ltr'>amici,</span> <span class='ocrx_word' id='word_1_149' title='bbox 535 1759 621 1802; x_wconf 91' lang='lat' dir='ltr'>quo</span> <span class='ocrx_word' id='word_1_150' title='bbox 645 1745 845 1803; x_wconf 87' lang='lat' dir='ltr'>Spartam</span> <span class='ocrx_word' id='word_1_151' title='bbox 874 1744 1042 1788; x_wconf 83' lang='lat' dir='ltr'>facilius</span> <span class='ocrx_word' id='word_1_152' title='bbox 1067 1746 1258 1806; x_wconf 88' lang='lat' dir='ltr'>perferre</span> <span class='ocrx_word' id='word_1_153' title='bbox 1281 1755 1485 1806; x_wconf 89' lang='lat' dir='ltr'>possent,</span> <span class='ocrx_word' id='word_1_154' title='bbox 1509 1743 1627 1804; x_wconf 89' lang='lat' dir='ltr'>quod</span> <span class='ocrx_word' id='word_1_155' title='bbox 1654 1743 1739 1786; x_wconf 88' lang='lat' dir='ltr'>mel</span> 
     </span>
     <span class='ocr_line' id='line_1_21' title="bbox 365 1821 1736 1885; baseline 0.001 -22"><span class='ocrx_word' id='word_1_156' title='bbox 365 1838 452 1864; x_wconf 91' lang='lat' dir='ltr'>non</span> <span class='ocrx_word' id='word_1_157' title='bbox 478 1821 717 1879; x_wconf 79' lang='lat' dir='ltr'>habebant,</span> <span class='ocrx_word' id='word_1_158' title='bbox 742 1840 841 1867; x_wconf 89' lang='lat' dir='ltr'>cera</span> <span class='ocrx_word' id='word_1_159' title='bbox 871 1825 1275 1882; x_wconf 84' lang='lat' dir='ltr'>circumfuderunt,</span> <span class='ocrx_word' id='word_1_160' title='bbox 1305 1835 1436 1885; x_wconf 89' lang='lat' dir='ltr'>atque</span> <span class='ocrx_word' id='word_1_161' title='bbox 1466 1826 1527 1868; x_wconf 87' lang='lat' dir='ltr'>ita</span> <span class='ocrx_word' id='word_1_162' title='bbox 1559 1823 1736 1867; x_wconf 82' lang='lat' dir='ltr'>domum</span> 
     </span>
     <span class='ocr_line' id='line_1_22' title="bbox 364 1899 622 1945; baseline 0.008 -2"><span class='ocrx_word' id='word_1_163' title='bbox 364 1899 622 1945; x_wconf 90' lang='lat' dir='ltr'>retulerunt.</span> 
     </span>
    </p>
   </div>
  </div>
 </body>
</html>
