1859 3310
333 217 354 247 S
779 212 1008 248 CORNELII
1040 214 1242 249 NEPOTIS

328 305 414 349 tus,
441 305 483 339 et
510 295 737 356 largitione
754 298 1085 356 magistratuum
1111 306 1342 357 corruptus
1370 306 1452 350 est,
1479 306 1695 339 trecentas

325 384 488 418 statuas
516 376 742 417 Demetrio
771 375 982 418 Phalereo
1004 376 1210 419 decrevit.

387 456 486 497 VII.
516 456 618 497 Post
648 455 730 497 hoc
760 453 982 513 proelium,
1013 454 1191 499 classem
1221 457 1495 517 septuaginta
1518 455 1694 498 navium

329 534 609 577 Athenienses
647 533 785 576 eidem
820 532 1010 576 Miltiadi
1034 534 1274 590 dederunt,
1310 545 1357 578 ut
1386 534 1565 589 insulas,
1602 550 1698 593 quae

326 614 531 661 barbaros
560 613 836 672 adjuverant,
859 612 974 656 bello
998 625 1331 674 persequeretur
1359 633 1368 658 :
1397 632 1483 675 quo
1512 614 1696 675 imperio

326 693 554 754 plerasque
575 692 630 736 ad
656 692 850 736 officium
878 692 1020 737 redire
1049 695 1209 756 coegit,
1233 694 1465 738 nonnullas
1495 696 1537 738 vi
1560 712 1696 755 expu-

326 774 488 833 gnavit.
528 774 594 816 Ex
630 772 697 815 his
733 774 892 816 Parum
930 771 1136 830 insulam,
1168 775 1323 834 opibus
1355 773 1531 831 elatam,
1561 791 1695 834 quum

324 853 522 895 oratione
539 850 824 895 reconciliare
839 868 927 895 non
942 862 1088 912 posset
1101 886 1112 908 ,
1129 853 1276 913 copias
1296 869 1318 895 e
1332 853 1515 896 navibus
1529 854 1697 907 eduxit,

325 932 478 975 urbem
513 931 720 992 operibus
754 931 928 988 clausit,
957 932 1165 992 omnique
1203 942 1449 976 commeatu
1481 933 1696 992 privavit:

324 1010 499 1067 deinde,
518 1012 655 1055 vineis
678 1028 729 1055 ae
753 1011 1047 1055 testudinibus
1069 1012 1334 1068 constitutis,
1353 1012 1532 1072 propius
1551 1028 1699 1055 muros

323 1091 517 1135 accessit.
538 1093 691 1149 Quum
708 1091 797 1151 jam
822 1092 866 1135 in
888 1108 939 1135 eo
962 1101 1072 1134 esset
1092 1101 1141 1134 ut
1162 1090 1323 1151 oppido
1347 1092 1582 1151 potiretur,
1606 1108 1700 1151 pro-

325 1169 396 1214 cul
432 1171 476 1213 in
511 1171 754 1214 continenti
789 1170 930 1227 lucus,
955 1172 1031 1230 qui
1069 1187 1121 1213 ex
1148 1169 1289 1214 insula
1329 1171 1698 1231 conspiciebatur,

329 1250 471 1293 nescio
495 1266 582 1309 quo
610 1267 732 1306 casu,
757 1260 977 1293 nocturno
1001 1260 1199 1310 tempore
1228 1250 1427 1293 incensus
1455 1260 1533 1294 est.
1564 1251 1699 1311 Cujus

324 1329 500 1372 flamma
522 1339 571 1372 ut
589 1330 643 1373 ab
660 1329 889 1390 oppidanis
913 1339 956 1373 et
972 1330 1348 1391 oppugnatoribus
1361 1339 1425 1373 est
1439 1331 1550 1386 visa,
1567 1331 1698 1374 utris-

324 1425 408 1468 que
429 1410 550 1452 venit
580 1410 623 1452 iu
660 1410 932 1470 opinionem,
957 1410 1130 1470 signum
1153 1427 1177 1453 a
1205 1408 1435 1454 classiariis
1462 1410 1592 1470 regiis
1626 1409 1700 1453 da-

326 1498 418 1531 tum
443 1505 452 1531 :
478 1505 566 1548 quo
597 1488 764 1532 factum
793 1497 876 1543 est,
904 1498 954 1531 ut
980 1496 1023 1531 et
1051 1489 1167 1532 Parii
1199 1505 1223 1531 a
1259 1488 1478 1532 deditione
1514 1489 1703 1532 deterre-

326 1576 497 1624 rentur,
522 1576 566 1611 et
586 1567 829 1623 Miltiades,
854 1569 1012 1612 timens
1034 1585 1089 1612 ne
1110 1567 1258 1612 classis
1285 1569 1404 1629 regia
1429 1568 1700 1624 adventaret,

327 1647 511 1690 incensis
535 1647 760 1708 operibus,
790 1664 884 1708 quae
917 1657 1151 1705 statuerat,
1180 1664 1280 1691 cum
1309 1648 1491 1692 totidem
1519 1648 1701 1692 navibus

325 1736 456 1786 atque
488 1736 581 1771 erat
620 1726 861 1787 profectus,
898 1728 1091 1771 Athenas
1125 1744 1282 1788 magna
1327 1744 1427 1771 eum
1464 1727 1702 1771 offensione

326 1807 488 1850 civium
503 1822 684 1850 suorum
703 1806 1132 1851 rediret.Accusatus
1146 1823 1250 1868 ergo
1268 1806 1548 1866 proditionis,
1565 1806 1701 1866 quod,

325 1901 463 1945 quum
491 1888 656 1930 Parum
692 1902 945 1947 expugnare
972 1897 1137 1947 posset,
1171 1903 1195 1930 a
1224 1903 1324 1948 rege
1352 1896 1603 1948 corruptus,
1635 1887 1702 1929 in-

326 1964 449 2008 fectis
473 1966 624 2022 rebus,
650 1983 673 2010 a
696 1983 843 2027 pugna
867 1967 1145 2010 discessisset.
1166 1969 1230 2010 Eo
1253 1976 1449 2027 tempore
1474 1983 1587 2027 aeger
1610 1976 1703 2009 erat

326 2043 611 2103 vulneribus,
634 2063 730 2106 quae
765 2047 809 2089 in
836 2047 1134 2108 oppugnando
1160 2046 1322 2107 oppido
1348 2056 1589 2107 acceperat.
1614 2048 1702 2090 Ita-

327 2142 430 2186 que,
460 2127 668 2186 quoniam
696 2127 786 2187 ipse
815 2143 896 2187 pro
928 2144 972 2170 se
1002 2126 1146 2170 dicere
1168 2143 1256 2170 non
1286 2136 1449 2187 posset,
1470 2126 1602 2169 verba
1623 2143 1704 2186 pro

327 2222 379 2249 eo
401 2205 505 2249 fecit
527 2204 662 2249 frater
684 2207 776 2266 ejus
794 2207 1037 2267 Tisagoras.
1059 2208 1201 2250 Causa
1224 2207 1418 2267 cognita,
1450 2206 1605 2266 capitis
1627 2206 1703 2249 ab·

328 2284 515 2341 solutus,
548 2286 736 2346 pecunia
763 2284 974 2329 multatus
1009 2295 1074 2329 est
1101 2302 1111 2328 τ
1141 2302 1276 2346 eaque
1307 2285 1358 2329 lis
1386 2286 1702 2346 quinquaginta

328 2364 503 2409 talentis
524 2366 736 2409 aestimata
757 2375 842 2421 est,
860 2375 1048 2425 quantus
1070 2366 1113 2408 in
1137 2364 1317 2409 classem
1342 2375 1540 2426 sumptus
1563 2365 1704 2409 factus

330 2456 436 2490 erat.
459 2449 586 2490 Hanc
608 2446 839 2507 pecuniam
861 2445 980 2506 quod
1004 2445 1171 2489 solvere
1197 2447 1239 2489 in
1263 2447 1492 2505 praesentia
1514 2462 1601 2489 non
1631 2462 1702 2505 po-

333 2535 466 2580 terat,
484 2526 528 2569 in
547 2525 721 2570 vincula
746 2525 918 2587 publica
943 2526 1164 2586 conjectus
1184 2536 1268 2581 est,
1293 2525 1438 2584 ibique
1458 2524 1572 2568 diem
1597 2525 1705 2569 obiit

333 2623 598 2665 supremum.
