1859 3310
371 207 440 242 162
808 206 1038 241 CORNELII
1067 204 1271 239 NEPOTIS

363 286 441 345 μὲν
462 281 526 332 οὖν
553 292 587 330 ot
613 294 697 345 περὶ
726 283 945 344 Κορνήλιον
970 282 1143 331 Νέπωτα
1165 294 1232 330 καὶ
1257 281 1484 344 Οὐαλέριον
1516 280 1723 348 Μάξιμον

365 361 592 424 ἱςορῆκασι.
614 365 764 416 Λιζιος
789 365 831 410 Σὲ
857 372 926 410 καὶ
954 368 1120 424 Καῖσαρ
1150 367 1166 412 ὁ
1192 364 1362 417 σεέαςές
1387 365 1628 425 κομισθῆναι
1655 364 1724 420 τὴν

366 446 503 504 ὑὸρίαν
527 445 618 504 apag
642 445 706 492 τᾶν
725 443 806 491 υἱὸν
825 440 1003 503 εἰρῆκασι
1020 480 1031 501 ,
1052 452 1119 490 καὶ
1143 446 1316 503 ‘caphat
1340 454 1554 506 λαμπρῶς.

430 524 682 569 «Hannibal
706 541 828 579 vero,
851 541 986 584 quum
1009 523 1198 585 reliquos
1222 527 1390 570 minimi
1411 527 1589 582 faceret,
1610 528 1725 569 Mar-

366 603 522 648 cellum
540 603 742 647 cecidisse
756 603 926 659 audito,
945 605 1036 663 ipse
1051 603 1105 647 ad
1119 602 1264 648 locum
1279 607 1488 659 accurrit3
1506 604 1727 649 cadaveri-

366 699 449 743 que
459 683 674 739 assistens,
689 682 850 743 diuque
861 684 1056 744 corporis
1070 684 1204 727 robur
1217 694 1261 728 et
1271 684 1454 728 formam
1467 683 1728 744 contempla-

366 770 434 804 tus
445 796 456 816 ,
471 778 611 822 neque
625 762 856 822 superbam
872 761 1005 806 ullam
1021 763 1160 806 emisit
1174 779 1324 806 vocem
1335 797 1346 818 ,
1362 779 1501 822 neque
1517 761 1638 806 vultu
1661 761 1728 806 lae-

367 842 507 885 titiam
527 841 593 903 (ut
613 851 952 886 consentaneum
975 851 1065 885 erat
1086 858 1205 894 eum,
1229 842 1304 902 qui
1327 851 1416 885 tam
1436 840 1667 885 molestum
1686 852 1728 884 et

367 937 541 981 gravem
556 921 725 965 hostem
740 918 1042 981 interfecisset)
1059 937 1147 981 prae
1163 936 1207 964 se
1226 919 1344 976 tulit;
1364 919 1436 964 sed
1454 920 1728 980 inopinatum

366 1001 448 1044 viri
478 1001 641 1044 exitum
663 1001 866 1055 miratus,
894 999 1104 1043 annulum
1129 1000 1167 1043 ei
1190 998 1388 1055 abstulit,
1413 1015 1571 1059 corpus
1596 997 1728 1059 digno

368 1079 522 1123 habitu
533 1089 758 1136 ornatum,
773 1080 1052 1139 vestibusque
1064 1079 1318 1123 decentibus
1333 1079 1558 1135 amictum,
1573 1094 1730 1122 crema-

367 1159 447 1213 vit;
462 1157 649 1218 reliquas
662 1160 707 1201 in
720 1175 873 1202 urnam
887 1168 1135 1219 argenteam
1149 1157 1294 1214 lectas,
1309 1174 1438 1201 aurea
1451 1157 1729 1217 superaddita

368 1253 549 1292 corona,
575 1236 629 1280 ad
652 1236 790 1280 filium
817 1238 949 1281 misit.
974 1237 1058 1282 Sed
1079 1237 1256 1297 quidam
1279 1235 1496 1291 Numidae,
1523 1253 1657 1296 quum
1686 1238 1728 1279 in

368 1315 551 1359 ferentes
573 1332 623 1359 ea
646 1315 918 1371 incidissent,
945 1316 1134 1359 adimere
1157 1317 1197 1359 vi
1219 1317 1362 1359 conati
1391 1325 1493 1358 sunt
1517 1332 1525 1358 :
1554 1314 1637 1359 illis
1660 1332 1728 1358 re-

369 1393 654 1451 luctantibus,
679 1411 728 1438 ac
752 1395 840 1438 vim
863 1395 905 1437 vi
929 1384 1260 1455 repellentibus,
1290 1410 1385 1437 ossa
1412 1394 1590 1454 disjecta
1614 1405 1728 1439 sunt.

434 1494 454 1514 «
477 1473 720 1531 Hannibal,
747 1475 831 1518 hoc
857 1473 1030 1529 audito,
1057 1473 1111 1517 ad
1138 1490 1233 1528 eos,
1261 1474 1335 1534 qui
1363 1472 1560 1531 aderant,
1589 1474 1730 1530 Nihil,

368 1554 526 1614 inquit,
552 1554 702 1613 utique
751 1552 832 1596 diis
870 1552 1017 1596 invitis
1056 1552 1149 1596 fieri
1184 1562 1344 1612 potest3
1383 1562 1644 1613 sumptoque
1678 1554 1730 1597 de

366 1632 567 1676 Numidis
605 1630 845 1692 supplicio,
884 1630 1047 1674 nullam
1079 1640 1286 1691 praeterea
1321 1631 1373 1675 de
1403 1631 1597 1676 Marcelli
1633 1632 1730 1676 reli-

366 1712 477 1770 quiis
502 1709 753 1772 colligendis
779 1727 927 1754 curam
951 1710 1122 1764 habuit3
1152 1721 1201 1754 ut
1225 1710 1298 1770 qui
1339 1710 1406 1754 dei
1438 1710 1617 1771 alicujus
1649 1729 1730 1756 nu-

366 1791 483 1833 mine
505 1789 713 1834 Marcello
737 1790 855 1833 hunc
880 1791 1040 1833 exitum
1064 1790 1180 1842 vitae,
1205 1800 1247 1833 et
1275 1789 1505 1850 sepulturae
1523 1791 1730 1851 privatio·

367 1885 466 1912 nem
497 1870 556 1912 ita
590 1879 746 1930 praeter
783 1870 979 1913 omnium
1015 1870 1265 1929 opinionem
1297 1869 1488 1913 evenisse
1521 1869 1728 1914 crederet.

365 1950 465 1992 Haec
485 1947 714 1992 Cornelius
733 1949 880 2009 Nepos
905 1958 947 1992 et
971 1947 1173 1993 Valerius
1197 1950 1415 1993 Maximus
1441 1958 1632 1993 narrant.
1659 1950 1730 1994 Li-

365 2027 460 2070 vius
480 2037 522 2070 et
542 2030 764 2088 Augustus
790 2030 946 2082 Caesar,
971 2026 1180 2087 perlatam
1201 2027 1255 2070 ad
1277 2026 1415 2071 filium
1438 2027 1632 2072 Marcelli
1659 2045 1728 2072 ur-

366 2122 488 2161 nam,
516 2116 559 2150 et
589 2106 824 2150 honorifice
852 2106 1038 2167 sepultas
1071 2109 1162 2167 ejus
1193 2106 1416 2167 reliquias,
1443 2108 1687 2168 perhibent.
1707 2128 1728 2149 »

366 2185 592 2230 Plutarch.
621 2188 664 2229 (ἠ
693 2186 889 2229 Illarcell.
917 2203 1008 2246 cap.
1042 2185 1113 2230 30.

423 2263 618 2308 Ἀννίξαν
635 2264 677 2308 Σὲ
694 2260 935 2323 Μάρκελλος
950 2300 962 2321 ,
980 2265 1028 2315 ὡς
1040 2263 1122 2323 μὲν
1144 2271 1177 2310 οἱ
1197 2273 1279 2324 περὶ
1302 2262 1506 2312 Πολ-ὄζων
1524 2262 1727 2325 λέγουσιν,

362 2338 452 2388 οῧὲἒ
481 2342 598 2408 ἅπαξ
637 2343 824 2400 ἐνίκησεν·
869 2344 956 2389 ἀλλ’
990 2340 1183 2402 ἀήττητος
1219 2344 1319 2404 ἀνὴρ
1343 2349 1451 2391 sones
1471 2343 1723 2401 Σιαγενὲσθαι

359 2419 487 2481 μὲχρι
506 2425 898 2484 Σκιπιωνσς.“Ημεῖς
915 2424 958 2470 Σὲ
981 2425 1143 2482 Λιζίῳ,
1160 2428 1342 2484 Καίσαρι
1367 2434 1431 2471 καὶ
1457 2422 1612 2472 Νέπωτι
1627 2462 1638 2484 ,
1659 2436 1726 2472 καί

363 2511 436 2564 τῷν
453 2505 706 2560 Ἑλληνικῶν
726 2503 775 2560 τῷ
800 2501 1093 2559 ΒασιλεῖἸίέᾳ
1120 2502 1352 2563 πιςεῦομεν,
1382 2501 1502 2562 ἥττας
1527 2505 1638 2558 τινοῖς
1658 2515 1727 2552 καί

362 2582 508 2640 τροπὰς
538 2582 611 2630 tim}
641 2579 886 2642 Μαρκὲλλου
913 2592 986 2629 τῶν
1008 2585 1080 2630 σὺν
1100 2585 1272 2639 ’Λννιξᾳ
1301 2581 1480 2639 γενὲσΘκι
