1859 3310
520 178 568 211 IN
602 176 741 211 VITAS
770 175 973 210 EXCELL.
1005 176 1166 210 IMPER.
1457 181 1527 216 223

611 329 658 356 IN
691 326 885 355 CONONIS
920 326 1079 355 VITAM.

215 442 297 476 Cn.
313 441 359 475 ΙΙ.
384 441 563 475 Generum
577 437 680 485 regis.
696 436 910 472 Artaxerxis
923 436 1061 472 scilicet
1074 437 1287 472 Mnemonis
1296 464 1306 482 ,
1319 439 1420 485 cujus
1432 443 1532 490 Apa-

161 516 259 538 mam
280 501 394 537 filiam
416 501 569 535 duxerat
593 496 854 547 (PLUTARCHUS
867 525 876 542 ,
900 499 936 532 in
957 497 1202 549 Artaxerxe).

216 563 441 611 Agesilaum.
461 559 828 595 Lacedaemoniorum
855 560 996 595 ducem.

216 625 370 666 Asiam,
392 623 514 658 Tauro
528 629 643 655 tenus.
658 620 801 656 Ioniam
815 621 970 665 scilicet,
988 622 1147 657 AEoliam
1159 650 1168 667 ‚
1182 624 1325 660 Cariam
1337 652 1349 668 ,
1369 625 1515 673 Lyciam
1525 653 1534 669 ,

164 685 339 733 Lydiam,
357 682 553 730 Phrygiam
577 689 612 717 et
631 682 854 729 Pamphyliae
875 689 1037 728 partem,
1057 696 1144 730 quas
1162 686 1354 733 regiones,
1378 686 1416 721 in
1445 699 1535 734 pace

163 759 246 782 eum
267 744 451 780 Antiocho
470 743 578 787 inita,
601 743 723 779 Asiam
747 743 797 778 cis
820 745 981 779 Taurum
1002 746 1164 781 Romani
1188 756 1322 782 vocant
1347 749 1445 796 apud
1469 749 1536 784 Li-

163 808 281 851 vium,
303 819 462 850 xxxvn,
486 804 545 847 45.
566 806 662 840 Nam
684 817 705 841 a
724 806 847 840 Tauro
869 813 997 841 monte
1020 807 1104 842 Asia
1124 807 1174 843 cis
1200 816 1233 843 et
1253 816 1353 845 trans
1377 811 1537 845 Taurum

164 868 280 904 divisa
305 867 448 903 dicitur.
473 868 680 903 Tzscnucx.

217 930 300 965 Cn.
323 929 392 965 111.
419 927 677 964 Clziliarchum.
702 924 912 976 Χιλιόιρχος
943 929 1053 976 vulgo
1082 942 1101 964 a
1131 931 1265 965 Graecis
1297 930 1445 976 dicitur,
1476 932 1539 978 qui

164 991 266 1026 mille
290 990 379 1025 viris
397 990 634 1037 praeponitur
661 990 888 1025 Chiliarchus
908 997 1028 1025 autem
1042 991 1195 1037 gradum
1220 992 1420 1027 secundum
1440 993 1539 1040 apud

165 1055 292 1088 Persas
306 1066 326 1087 a
344 1063 431 1099 rege
450 1052 617 1095 tenebat,
630 1051 815 1098 totiusque
828 1051 937 1098 regiae
956 1051 1183 1087 curationem
1207 1053 1387 1098 habebat,
1407 1066 1539 1100 quem-

165 1113 367 1150 admodum
390 1112 489 1159 apud
507 1114 697 1147 Romanos
720 1111 922 1160 praefectus
944 1113 1149 1161 proetorc‘o,
1181 1121 1217 1148 et
1248 1115 1349 1161 apud
1377 1116 1540 1150 Francos

167 1175 257 1210 olim
275 1176 310 1208 le
327 1173 445 1208 maire
467 1174 517 1208 du
527 1174 682 1221 palais,
706 1172 805 1219 cujus
829 1172 907 1207 sine
932 1173 1039 1208 venia
1062 1175 1203 1209 nemini
1221 1176 1269 1211 ad
1287 1187 1412 1223 regem
1438 1184 1541 1223 pate-

167 1235 231 1270 bat
251 1234 381 1270 aditus.

224 1293 452 1343 Πρω-κυνεῖν.
478 1296 644 1331 Adorare
669 1295 821 1340 scilicet,
846 1296 997 1343 proprie
1017 1297 1063 1332 de
1085 1297 1155 1331 diis
1180 1297 1381 1333 dicebatur.
1408 1300 1540 1334 Persa-

169 1370 250 1393 rum
281 1358 380 1393 enim
409 1369 513 1405 reges
544 1370 581 1392 se
611 1357 699 1392 solis
727 1364 763 1392 et
788 1358 881 1392 lunae
901 1357 1030 1393 fratres
1049 1358 1258 1403 jactabant,
1284 1366 1316 1393 et
1335 1366 1375 1393 ut
1396 1360 1485 1395 deos
1504 1373 1541 1395 se

170 1419 318 1454 adorari
331 1419 509 1454 volebant
523 1431 543 1454 a
556 1418 685 1465 pronis
700 1426 735 1453 et
748 1425 883 1453 terram
898 1418 1019 1453 fronte
1033 1419 1260 1454 ferientibus.
1280 1421 1372 1455 Vide
1385 1422 1429 1464 Q.
1446 1422 1543 1456 CUR—

171 1493 286 1524 T1uM,
305 1494 364 1525 VI,
385 1486 447 1525 143
467 1493 569 1524 v111,
593 1493 656 1524 173
679 1487 713 1515 et
735 1480 905 1527 inprimis
924 1493 1024 1524 VIII,
1045 1492 1104 1515 20.

222 1543 278 1577 De
290 1543 444 1578 Conone
453 1569 462 1586 ‚
478 1543 564 1577 vide
576 1541 786 1576 Diodorum
795 1569 804 1585 ,
817 1541 1109 1588 Xenophontem
1120 1569 1129 1586 ,
1142 1543 1375 1578 Plutarchum
1384 1570 1393 1588 ‚
1406 1543 1544 1590 Polyae-

170 1616 280 1646 num,
298 1603 534 1647 Athenaeum,
554 1610 639 1647 etc.,
662 1610 697 1638 et
718 1603 815 1638 inter
831 1603 1055 1638 recentiores
1074 1604 1208 1638 Rollin.
1230 1604 1349 1651 Caput
1373 1604 1449 1650 ejus
1477 1617 1543 1640 ex—

172 1672 241 1699 stat
254 1664 291 1699 in
305 1677 538 1699 nummorum
550 1677 624 1699 uno
634 1691 643 1708 ‚
657 1677 738 1699 cum
752 1664 995 1711 inscriptione
1010 1664 1264 1702 KONQNOE
1286 1666 1544 1702 ΑΘΗΝΑΙΟὟ·

173 1739 182 1773 ρ
191 1725 345 1761 Cononis
358 1724 605 1775 Atheniensis)
611 1738 626 1769 ,·
644 1725 683 1760 in
702 1726 844 1773 postica
862 1733 966 1773 parte
979 1754 988 1771 ,
1001 1726 1133 1762 mulier
1151 1727 1301 1771 sedens,
1319 1728 1459 1763 hastam
1479 1741 1546 1775 pu-

173 1800 252 1822 ram
272 1787 420 1822 sinistra
444 1794 544 1822 tenet
552 1801 562 1832 ;
589 1800 688 1835 pone
714 1800 813 1832 eam,
835 1788 968 1823 thorax
997 1801 1079 1823 cum
1102 1789 1253 1836 clypeo;
1274 1796 1375 1833 ante,
1395 1802 1455 1823 ara
1482 1801 1545 1824 ac-

175 1860 300 1893 censa,
322 1848 379 1883 cui
397 1848 637 1896 supervolitat
655 1848 836 1893 Victoria,
855 1850 1017 1884 lauream
1035 1850 1181 1884 mulieri
1200 1850 1406 1897 porrigens.
1428 1850 1547 1893 Infra,

175 1915 214 1944 ut
231 1909 398 1953 videtur,
431 1909 579 1947 ΕΡΚΟΣ
613 1911 810 1945 ΑΘΗΝΩΧ
828 1938 836 1954 ,
855 1923 924 1957 pro
957 1911 1203 1946 AoHNAIQN
1221 1938 1230 1956 ,
1251 1911 1291 1946 id
1316 1917 1370 1946 est
1397 1924 1547 1959 propu—

173 1972 369 2016 gnaculum
394 1971 679 2007 Atheniensium.

654 2102 698 2129 [N
736 2102 890 2129 DIONIS
925 2102 1082 2129 VITAM.

230 2216 312 2248 (Ἀι).
338 2214 366 2247 Ι.
387 2212 564 2259 Superior.
587 2214 693 2247 Pater
719 2223 871 2257 nempe,
890 2211 953 2258 qui
978 2218 1081 2246 aetate
1101 2211 1282 2258 superior.
1308 2210 1368 2246 Sic
1387 2218 1423 2246 et
1448 2225 1466 2247 a
1487 2214 1548 2248 Ci—

179 2286 335 2318 cerone,
359 2275 417 2308 De
434 2272 567 2322 officiis
574 2299 585 2315 ,
612 2285 667 2316 11,
693 2285 731 2316 7,
757 2284 798 2315 2,
821 2273 1038 2319 appellatur.
1066 2272 1125 2307 Sic
1154 2272 1244 2306 Cato
1268 2272 1437 2319 superior
1454 2274 1554 2321 apud

180 2336 366 2371 Valerium
385 2335 604 2378 Maximum,
627 2347 702 2368 VIII
720 2361 729 2377 ‚
757 2332 822 2377 15,
843 2345 881 2377 2,
906 2345 975 2380 pro
1000 2332 1123 2377 major
1144 2333 1287 2380 legitur.

232 2397 315 2431 Cap.
331 2397 381 2430 ΙΙ.
402 2396 589 2443 Soporem.
616 2394 927 2429 Medicamentum
957 2393 1203 2440 soporiferum
1231 2391 1454 2442 (φάρμακον
1475 2389 1552 2430 ὑπ-

180 2455 347 2507 νωτικόν)
370 2464 479 2493 vocat
504 2469 523 2491 e
542 2456 681 2491 Timaeo
703 2456 941 2500 Plutarchus,
960 2455 996 2489 in
1013 2456 1143 2490 Dione.
1169 2454 1281 2499 Quod
1303 2467 1347 2490 ex
1365 2456 1463 2504 nigri
1487 2469 1554 2504 pa—

180 2521 325 2568 paveris
343 2521 402 2555 vel
421 2519 547 2554 cicutae
566 2531 673 2553 succo
695 2517 819 2565 parari
843 2518 987 2552 solebat
1006 2531 1013 2551 :
1035 2530 1109 2565 quo
1134 2517 1263 2552 mortis
1283 2529 1418 2565 genere
1437 2519 1552 2554 Athe-

182 2583 327 2618 nienses
346 2582 466 2630 capite
485 2581 679 2616 damnatos
698 2592 829 2615 necare
849 2579 1031 2615 solebant.
