1859 3310
715 207 950 243 EUMENES.
1451 216 1511 238 101

153 292 336 337 Persidis
361 293 598 337 hiematum
629 291 772 351 copias
802 289 964 344 divisit,
991 303 1080 329 non
1110 295 1159 328 ut
1186 284 1343 342 voluit,
1369 285 1441 328 sed
1470 296 1518 329 ut

152 372 339 416 militum
362 372 543 432 cogebat
568 368 777 412 voluntas.
803 369 1001 426 Namque
1024 364 1096 409 illa
1120 363 1310 426 phalanx
1332 362 1517 410 Alexan-

152 451 219 495 dri
242 452 415 512 Magni,
437 466 530 509 quae
558 449 697 492 Asiam
723 456 993 508 peragrarat,
1025 445 1324 503 deviceratque
1349 445 1518 497 Persas,

152 532 386 574 inveterata
413 545 548 588 quum
575 526 732 588 gloria,
757 536 851 570 tum
877 526 1006 569 etiam
1033 523 1225 579 licentia,
1254 539 1341 566 non
1370 537 1521 582 parere

150 626 195 652 se
214 609 417 664 ducibus,
435 607 508 651 sed
526 609 737 668 imperare
756 604 1004 667 postulabat
1023 621 1030 647 :
1050 613 1099 647 ut
1115 618 1232 646 nunc
1252 601 1442 645 veterani
1462 599 1522 644 fa-

149 689 267 730 ciunt
294 688 443 731 nostri.
470 689 622 746 Itaque
647 684 889 747 periculum
918 693 1001 739 est,
1027 700 1079 726 ne
1110 681 1288 737 faciant,
1318 678 1435 741 quod
1460 678 1521 722 illi

146 765 363 822 fecerunt,
390 783 467 810 sua
493 765 824 826 intemperantia
849 764 1068 822 nimiaque
1096 761 1266 804 licentia
1300 769 1349 803 ut
1376 759 1521 803 omnia

147 845 350 906 perdant3
377 861 516 905 neque
542 845 684 888 minus
714 861 806 900 eos,
835 859 934 886 cum
965 842 1122 902 quibus
1147 841 1362 894 steterint,
1392 855 1521 898 quam

147 923 352 968 adversus
383 941 492 984 quos
523 924 713 968 fecerint.
747 922 879 980 Quod
907 923 940 965 si
970 922 1064 981 quis
1095 919 1270 963 illorum
1300 928 1523 962 veterano-

148 1020 246 1047 rum
270 1003 383 1064 legat
407 1004 538 1059 facta,
564 1004 684 1064 paria
710 1003 867 1046 horum
896 1009 1146 1061 cognoscat3
1174 1015 1314 1058 neque
1337 1014 1427 1041 rem
1453 996 1521 1041 ul-

147 1081 255 1139 lam,
281 1084 362 1126 nisi
383 1071 574 1144 temptls,
596 1084 799 1125 interesse
815 1080 992 1140 judicet.
1016 1079 1097 1123 Sed
1125 1078 1179 1121 ad
1202 1077 1296 1121 illos
1317 1086 1519 1121 revertar.

146 1162 339 1206 Hiberna
356 1171 631 1222 sumpserant
656 1177 743 1204 non
769 1159 823 1203 ad
854 1168 989 1202 usum·
1004 1157 1124 1214 belli,
1150 1157 1220 1201 sed
1247 1157 1301 1200 ad
1327 1158 1522 1217 ipsorum

146 1239 381 1297 luxuriam3
403 1240 616 1301 longeque
638 1241 750 1283 inter
774 1255 817 1282 se
843 1238 1137 1281 discesserant.
1160 1239 1254 1280 Hoc
1276 1236 1521 1296 Antigonus

146 1336 282 1380 quum
315 1321 613 1381 comperisset,
648 1317 1011 1378 intelligeretque,
1048 1333 1091 1360 se
1126 1332 1275 1377 parem
1312 1332 1400 1358 non
1433 1332 1522 1359 esse

147 1400 306 1460 paratis
330 1399 608 1454 adversarii53
636 1399 785 1441 statuit
812 1396 975 1456 aliquid
1001 1397 1080 1440 sibi
1107 1394 1273 1439 consilii
1305 1396 1406 1438 novi
1431 1411 1521 1438 esse

146 1478 417 1539 capiendum.
448 1480 557 1522 Duae
584 1486 707 1521 erant
737 1477 816 1521 viae
844 1492 929 1535 qua
959 1492 1008 1519 ex
1039 1474 1202 1530 Medis,
1232 1474 1307 1517 ubi
1338 1471 1406 1516 ille
1434 1473 1523 1517 hie-

147 1557 313 1614 mabat,
338 1556 391 1600 ad
420 1557 767 1600 adversariorum
792 1553 1073 1599 hibernacula
1098 1563 1242 1615 posset
1270 1553 1485 1614 perveniri
1510 1570 1519 1596 ε

145 1652 332 1696 quarum
363 1636 537 1679 brevior
567 1653 645 1696 per
675 1634 770 1678 loca
802 1634 988 1689 deserta,
1021 1649 1115 1693 quae
1150 1648 1277 1676 nemo
1307 1630 1522 1675 incolebat

145 1725 324 1777 propter
344 1732 464 1776 aquae
484 1716 697 1776 inopiam,
723 1724 915 1758 ceterum
937 1713 1105 1757 dierum
1130 1723 1222 1756 erat
1246 1712 1332 1755 fere
1352 1710 1518 1766 decem;

145 1794 217 1838 illa
241 1805 406 1851 autem,
427 1811 513 1855 qua
536 1811 684 1838 omnes
709 1793 1030 1849 commeabant,
1049 1791 1184 1835 altero
1209 1801 1331 1834 tanto
1356 1789 1522 1850 longio-

145 1891 237 1918 rem
267 1874 454 1918 habebat
485 1873 750 1929 anfractum,
784 1872 858 1916 sed
888 1881 980 1916 erat
1011 1872 1203 1932 copiosa,
1239 1871 1520 1928 omniumque

144 1970 291 1997 rerum
333 1952 568 1997 abundans.
610 1954 702 1996 Hac
740 1953 775 1997 si
817 1952 1187 2014 proficisceretur,
1229 1948 1518 2010 intelligebat,

143 2034 264 2094 prius
289 2033 556 2077 adversarios
582 2033 814 2076 rescituros
842 2031 894 2075 de
924 2048 1002 2075 suo
1029 2030 1241 2085 adventu,
1272 2045 1402 2089 quam
1428 2029 1518 2089 ipse

144 2113 315 2156 tertiam
340 2122 508 2174 partem
528 2112 780 2156 confecisset
799 2111 982 2166 itineris;
1005 2111 1069 2154 sin
1090 2126 1168 2170 per
1187 2107 1281 2153 loca
1305 2107 1394 2152 sola
1418 2124 1518 2152 con-

145 2191 359 2247 tenderet,
395 2192 618 2252 sperabat,
654 2207 697 2235 se
733 2190 1053 2251 imprudentem
1088 2189 1256 2232 hostem
1289 2204 1518 2248 oppressu-

144 2288 256 2314 rum.
281 2270 348 2316 Ad
372 2271 484 2314 hanc
511 2287 603 2314 rem
629 2269 961 2325 conficiendam,
992 2269 1239 2329 imperavit,
1270 2283 1400 2327 quam
1424 2265 1518 2327 plu-

145 2352 276 2394 rimos
313 2359 430 2394 utres
465 2359 594 2409 atque
628 2350 757 2393 etiam
795 2347 955 2392 culleos
993 2347 1254 2407 comparari3
1292 2355 1390 2406 post
1425 2345 1514 2389 haec

146 2429 373 2490 pabult11n3
404 2439 610 2490 praeterea
639 2429 798 2472 cibaria
829 2437 950 2471 cocta
982 2426 1150 2471 dierum
1180 2425 1346 2478 decem;
1381 2434 1514 2485 utque

147 2525 274 2569 quam
298 2509 475 2552 minime
499 2509 620 2552 fieret
642 2509 752 2568 ignis
775 2508 818 2550 in
844 2507 993 2550 castris
1020 2523 1029 2549 :
1051 2507 1150 2562 iter,
1176 2504 1292 2565 quod
1306 2504 1513 2559 habebat,

149 2605 292 2632 omnes
316 2587 436 2632 celat.
464 2589 533 2632 Sic
556 2597 752 2648 paratus,
776 2604 862 2648 qua
881 2587 1184 2643 constituerat,
1210 2584 1509 2646 proficiscitur.
