1859 3310
647 229 1033 264 THEMISTOCLES,
1484 245 1494 267 ι
1503 245 1520 275 7

160 311 268 354 Nam
300 328 435 370 quum
462 314 505 355 in
538 313 683 355 Asiam
712 312 870 355 reverti
896 310 1048 367 vellet,
1082 311 1238 372 proelio
1265 314 1381 372 apud
1405 316 1524 358 Sala-

159 390 276 433 mina
300 390 432 444 fact03
455 389 610 433 litteris
633 406 733 433 eum
757 391 986 434 certiorem
1012 390 1111 445 feci,
1141 390 1185 433 id
1208 391 1297 451 agi,
1329 402 1375 434 ut
1400 409 1528 452 pons,

158 486 287 529 quem
308 470 352 513 in
367 468 649 529 Hellesponto
664 470 825 513 fecerat
838 504 849 525 ,
865 469 1196 527 dissolveretur,
1213 480 1344 531 atque
1365 472 1418 515 ab
1434 472 1530 515 hos-

160 548 271 591 tibus
295 548 602 592 circumiretur
619 565 628 592 :
647 565 734 608 quo
752 550 907 592 nuntio
930 548 1001 593 ille
1016 548 1211 610 periculo
1228 560 1293 594 est
1306 549 1527 594 liberatus.

156 628 286 671 Nunc
314 637 461 670 autem
482 627 537 670 ad
563 637 604 671 te
627 627 824 688 confugi,
852 633 1092 690 exagitatus
1115 646 1139 672 a
1162 639 1319 673 cuncta
1339 630 1529 687 Graecia,

155 717 275 750 tuam
305 717 456 767 petens
483 708 718 751 amicitiam
748 725 756 751 :
785 725 915 767 quam
945 710 978 752 si
1003 725 1077 752 ero
1103 708 1311 769 adeptus,
1341 727 1427 753 non
1453 711 1532 753 mi·

155 803 236 830 nus
250 803 319 830 me
338 786 504 830 bonum
524 787 715 830 amicum
740 787 941 843 habebis,
969 805 1101 847 quam
1126 788 1281 831 fortem
1303 789 1529 832 inimicum

154 863 224 909 ille
245 876 448 926 expertus
477 876 554 909 est.
584 868 647 909 Ea
684 876 830 909 autem
871 884 1000 928 rogo,
1029 877 1077 910 ut
1105 867 1158 910 de
1193 868 1259 910 his
1295 868 1449 923 rebus,
1479 868 1531 911 de

154 945 311 1004 quibus
340 955 484 989 tecum
508 945 698 1005 colloqui
726 946 848 1003 volo,
875 963 1038 990 annum
1068 947 1175 989 mihi
1199 949 1407 1007 temporis
1432 948 1529 1004 des,

153 1041 292 1085 eoque
321 1035 561 1082 transacto,
586 1043 654 1070 me
678 1026 732 1069 ad
758 1035 798 1069 te
824 1027 972 1069 venire
1001 1027 1191 1086 patiaris.
1216 1046 1235 1066 »

215 1107 270 1148 X.
287 1105 429 1164 Hujus
449 1121 523 1148 rex
545 1105 681 1148 animi
705 1105 1054 1165 magnitudinem
1076 1105 1314 1162 admirans,
1333 1107 1533 1166 cupiens-

153 1200 237 1243 que
259 1182 388 1227 talem
406 1184 551 1226 virum
577 1184 659 1227 sibi
681 1183 928 1241 conciliari,
943 1184 1117 1227 veniam
1140 1184 1271 1228 dedit.
1297 1184 1375 1228 Ille
1399 1203 1530 1230 omne

153 1262 260 1307 illud
275 1273 448 1324 tempus
469 1262 625 1307 litteris
649 1281 926 1325 sermonlque
948 1266 1179 1307 Persarum
1203 1264 1321 1308 dedit
1344 1283 1352 1308 :
1373 1267 1531 1326 quibus

152 1343 259 1387 adeo
288 1343 483 1387 eruditus
507 1354 587 1400 est,
612 1354 660 1387 ut
676 1344 816 1387 multo
841 1344 1112 1388 commodius
1132 1344 1301 1389 dicatur
1329 1346 1444 1405 apud
1468 1364 1532 1390 re-

153 1440 250 1484 gem
263 1423 395 1467 verba
418 1423 588 1480 fecisse,
611 1441 741 1485 quam
761 1425 806 1468 hi
822 1435 1043 1485 poterant,
1060 1426 1134 1485 qui
1148 1426 1190 1467 in
1212 1425 1387 1469 Perside
1406 1437 1531 1470 erant

152 1503 258 1546 nati.
281 1504 364 1546 Hic
378 1519 513 1563 quum
538 1503 674 1547 multa
702 1506 793 1564 regi
817 1515 930 1548 esset
951 1503 1188 1565 pollicitus,
1214 1507 1530 1566 gratissimum-

153 1599 236 1642 que
251 1581 380 1637 illud,
397 1583 431 1627 si
454 1585 541 1627 suis
559 1587 622 1627 uti
646 1583 837 1627 consiliis
860 1583 1012 1640 vellet,
1034 1583 1158 1628 illum
1175 1586 1392 1629 Graeciam
1416 1586 1530 1630 bello

151 1679 485 1722 oppressurum;
503 1665 672 1722 magnis
699 1666 955 1706 muneribus
981 1664 1034 1706 ab
1053 1666 1294 1707 Artaxerxe
1318 1665 1528 1720 donatus,

151 1743 195 1785 in
225 1742 372 1786 Asiam
410 1743 558 1799 rediit,
601 1741 955 1801 domiciliumque
990 1743 1227 1803 Magnesiae
1259 1745 1338 1788 sibi
1368 1748 1528 1789 consti-

92 1868 98 1875 ,
151 1822 248 1865 tuit.
276 1823 478 1882 Namque
506 1823 620 1867 hanc
643 1824 794 1867 urbem
820 1824 857 1866 ei
882 1836 957 1863 rex
981 1821 1190 1880 donarat,
1211 1824 1277 1867 his
1305 1841 1408 1868 usus
1433 1842 1529 1869 ver·

151 1901 240 1958 bis,
264 1918 359 1961 quae
385 1903 423 1945 ei
448 1918 605 1962 panem
641 1904 852 1964 praeberet
878 1902 950 1963 (ex
986 1919 1072 1962 qua
1101 1904 1278 1963 regione
1315 1906 1530 1965 quinqua-

151 1982 270 2042 ginta
293 1983 331 2025 ei
361 1981 521 2026 talenta
551 1985 783 2043 quotannis
812 1981 1056 2043 redibant);
1079 1984 1389 2043 Lampsacum,
1413 1986 1528 2029 unde

149 2063 300 2104 vinum
334 2072 547 2117 sumeret,
574 2064 824 2123 Iaelyuntcm,
862 2079 910 2107 ex
948 2078 1033 2122 qua
1070 2064 1303 2123 opsonium
1332 2065 1525 2109 haberet.

148 2142 290 2202 Hujus
329 2141 384 2185 ad
420 2152 616 2185 nostram
655 2142 910 2186 memoriam
947 2154 1237 2186 monumenta
1270 2155 1527 2188 manserunt

150 2220 236 2264 duo
263 2238 271 2264 :
299 2220 546 2282 sepulcrum
584 2238 719 2282 prope
743 2221 974 2282 oppidum,
1005 2223 1049 2265 in
1085 2214 1173 2282 quo
1208 2233 1273 2267 est
1306 2224 1527 2284 sepultus;

148 2310 298 2344 statuoe
331 2302 374 2344 in
406 2300 500 2344 foro
539 2302 786 2361 Magnesiae.
823 2304 890 2345 De
929 2302 1052 2362 cujus
1086 2312 1227 2346 morte
1255 2303 1527 2348 multimodis

148 2380 265 2440 apud
299 2379 526 2440 plerosque
555 2381 768 2440 scriptum
797 2390 884 2435 est,
912 2381 986 2424 sed
1017 2398 1096 2424 nos
1125 2382 1328 2426 eumdem
1358 2385 1525 2443 potissi-

148 2476 269 2504 mum
300 2459 599 2520 Thucydidem
635 2470 856 2503 auctorem
892 2461 1128 2521 probamus
1164 2479 1172 2504 :
1207 2463 1282 2522 qui
1308 2461 1430 2506 illurn
1465 2465 1527 2507 ait

148 2541 383 2601 Magnesiae
409 2540 563 2583 morbo
593 2550 847 2597 mortuum;
877 2558 1018 2601 neque
1044 2553 1174 2602 negat
1207 2542 1338 2586 fuisse
1366 2543 1525 2587 famam

151 2636 365 2663 venenum
394 2637 471 2663 sua
509 2629 664 2680 sponte
695 2622 920 2677 sumsisse,
956 2638 1091 2681 quum
1122 2638 1185 2678 se,
1221 2639 1316 2682 quae
1351 2624 1441 2684 regi
1473 2623 1525 2667 de

1303 2720 1326 2745 2
