1859 3310
659 229 1045 265 THEMISTOCLES.
1495 240 1506 261 1
1520 226 1538 261 5

167 320 346 363 summis
377 316 637 369 honoribus,
665 314 854 356 Athenas
881 313 998 355 missi
1027 320 1139 354 sunt.
1167 313 1280 353 Cum
1314 311 1378 353 his
1416 310 1544 353 colle-

169 415 241 458 gas
268 413 366 441 suos
389 391 703 438 Themistocles
730 392 855 451 jussit
883 390 1125 451 proficisci,
1149 390 1296 449 eisque
1324 388 1543 448 praedixit,

171 487 216 520 ut
240 492 293 519 ne
316 475 436 535 prius
457 471 891 516 Lacedaemoniorum
918 469 1082 530 legatos
1097 469 1394 523 dimitterent,
1415 483 1544 527 quam

172 557 260 615 ipse
294 561 403 596 esset
435 552 653 595 remissus.
690 553 779 593 Hos
811 559 1044 609 postquam
1073 549 1266 592 Athenas
1300 546 1548 607 pervenisse

168 643 286 677 ratus
306 641 387 687 est,
412 631 467 674 ad
481 631 785 690 magistratum
811 638 1098 688 senatumque
1118 627 1548 671 Lacedaemoniorum

175 712 300 766 adiit,
329 721 369 754 ct
394 710 512 770 apud
534 726 605 753 eos
630 708 852 752 liberrime
877 708 1094 769 professus
1117 718 1206 763 est,
1230 706 1550 751 «Athenienses

171 809 248 835 suo
276 790 479 846 consilio,
496 789 614 850 quod
629 789 962 848 communijure
980 788 1175 848 gentium
1202 787 1342 831 facere
1361 796 1553 846 possent,

171 874 287 916 Deos
314 870 531 932 publicos,
563 886 750 929 suosque
775 870 943 928 patrios
968 884 1018 911 ac
1042 877 1240 928 penates,
1269 883 1355 926 quo
1387 865 1554 909 facilius

174 952 227 995 ab
255 952 377 995 hoste
417 960 594 1011 possent
628 946 878 1005 defendere,
908 949 1043 991 muris
1079 948 1283 1008 sepsisse3
1308 964 1449 1007 neque
1483 963 1553 1001 eo,

173 1032 292 1092 quod
321 1030 475 1074 inutile
501 1040 609 1074 esset
638 1029 837 1085 Graeciae,
875 1028 1042 1083 fecisse,
1067 1044 1168 1071 nam
1199 1027 1375 1071 illorum
1404 1027 1554 1071 urbem

174 1122 222 1156 ut
247 1109 625 1172 propugnaculum
651 1108 898 1169 oppositam
930 1123 1019 1150 csse
1042 1107 1257 1163 barbaris,
1286 1106 1403 1167 apud
1427 1123 1555 1166 quam

172 1193 262 1253 jam
288 1192 354 1235 bis
373 1189 531 1234 classes
549 1189 689 1250 regias
714 1188 863 1231 fecisse
883 1186 1177 1248 naufragium.
1203 1187 1558 1230 Lacedaemonios

176 1281 321 1315 autem
348 1269 461 1314 male
489 1278 531 1313 et
557 1269 716 1329 injuste
738 1267 900 1322 facere,
930 1268 1006 1327 qui
1028 1267 1071 1310 id
1091 1268 1236 1328 potius
1261 1267 1559 1315 intuerentur,

176 1352 295 1413 quod
325 1353 519 1412 ipsorum
548 1349 859 1404 dominationi,
883 1365 1014 1408 quam
1049 1347 1168 1408 quod
1197 1348 1408 1390 universae
1440 1349 1561 1390 Grae-

177 1433 254 1476 ciae
280 1431 386 1475 utile
417 1440 539 1475 esset.
569 1432 740 1488 Quare,
766 1430 801 1473 si
831 1446 931 1473 suos
960 1428 1122 1490 legatos
1152 1428 1347 1488 recipere
1382 1426 1562 1484 vellent,

177 1529 287 1573 quos
309 1512 502 1556 Athenas
523 1511 758 1565 miserant,
787 1526 830 1553 se
851 1510 1146 1563 remitterent,
1175 1507 1301 1551 aliter
1327 1506 1423 1551 illos
1453 1524 1563 1550 nun-

179 1609 310 1652 quam
335 1593 380 1634 in
403 1591 587 1651 patriam
611 1590 884 1650 recepturi.»

243 1673 365 1715 VIII.
401 1673 567 1714 Tamen
606 1687 695 1714 non
729 1670 882 1731 effugit
913 1670 1075 1713 civium
1113 1686 1292 1712 suorum
1330 1668 1564 1720 invidiam;

180 1768 369 1811 namque
391 1751 445 1795 ob
473 1750 674 1795 eumdem
711 1751 941 1806 timorem,
971 1767 1058 1810 quo
1092 1749 1324 1793 damnatus
1347 1759 1439 1793 erat
1466 1748 1567 1793 Mil-

182 1831 337 1888 tiades,
366 1841 574 1875 testarum
597 1831 814 1892 suffragiis
838 1848 860 1874 e
883 1831 1058 1874 civitate
1082 1831 1262 1890 ejectus,
1282 1832 1420 1890 Argos
1445 1830 1568 1873 hahi-

182 1921 321 1955 tatum
345 1913 570 1955 concessit.
596 1913 678 1955 Hic
702 1928 837 1971 quum
862 1920 1045 1971 propter
1072 1909 1232 1954 multas
1261 1911 1353 1970 ejus
1382 1911 1567 1953 virtutes

184 2008 342 2052 magna
364 2008 464 2035 cum
482 1991 696 2053 dignitate
710 1992 897 2047 viveret,
916 1990 1236 2034 Lacedaemonii
1253 1989 1417 2051 legatos
1436 1991 1568 2035 Athe-

195 2088 262 2115 ias
290 2072 530 2127 miserunt,
556 2073 632 2131 qui
667 2088 768 2115 eum
799 2071 1022 2114 absentem
1054 2080 1326 2125 accusarent,
1350 2070 1468 2130 quod
1503 2088 1569 2114 so-

184 2152 386 2195 cietatem
410 2168 511 2195 cum
535 2168 637 2212 rege
656 2154 886 2195 Persarum
908 2151 963 2194 ad
992 2151 1209 2195 Graeciam
1231 2150 1567 2210 opprimendam

187 2230 368 2274 fecisset.
391 2234 486 2275 Hoc
511 2232 697 2275 crimine
720 2232 875 2275 absens
890 2231 1150 2292 proditionis
1171 2240 1233 2274 est
1258 2230 1503 2274 damnatus.
1520 2231 1568 2274 Id

188 2320 235 2354 ut
257 2310 439 2367 audivit,
465 2311 583 2370 quod
606 2327 693 2354 non
718 2312 820 2355 satis
841 2321 985 2354 tutum
1011 2328 1055 2354 se
1082 2312 1210 2370 Argis
1238 2300 1440 2365 videbat,
1465 2313 1572 2355 Cor-

188 2407 338 2451 cyram
362 2390 637 2451 demigravit.
662 2390 729 2433 Ibi
759 2407 896 2451 quum
920 2391 1011 2450 ejus
1033 2391 1252 2450 principes
1276 2390 1463 2433 civitatis
1481 2390 1572 2433 ani-

189 2469 493 2513 madvertisset
517 2471 692 2524 timere,
718 2486 772 2512 ne
802 2480 982 2530 propter
1010 2486 1054 2513 se
1083 2468 1246 2512 bellum
1277 2469 1344 2512 his
1372 2469 1572 2513 Lacedae-

192 2550 328 2592 monii
343 2558 386 2592 et
411 2549 700 2593 Athenienses
723 2549 987 2605 indicerent,
1014 2550 1067 2593 ad
1086 2550 1343 2606 Admetum,
1358 2549 1575 2593 Molosso-

194 2645 286 2672 rum
313 2646 479 2689 regem,
501 2646 595 2673 cum
624 2646 712 2689 quo
731 2630 769 2672 ei
794 2630 1033 2690 hospitium
1059 2629 1217 2686 fuerat,
1242 2630 1451 2691 confugit.
1476 2633 1573 2673 Huc
