1859 3310
669 187 912 222 EUMENES.
1407 197 1419 219 1
1428 184 1475 220 05

173 275 291 318 XIII.
328 275 397 318 Sic
416 275 629 317 Eumenes
648 286 865 314 annorum
894 269 1086 329 quinque
1109 277 1152 312 et
1170 266 1476 328 quadraginta,

109 369 245 412 quum
274 353 326 396 ab
357 369 470 396 anno
496 351 717 405 vicesimo⁷
748 349 812 392 uti
840 364 972 409 supra
1001 346 1288 404 ostendimus,
1315 356 1475 407 septem

109 447 244 475 annos
279 431 479 491 Philippo
509 430 797 490 apparuisset3
829 437 872 471 et
905 427 1111 471 tredecim
1146 425 1263 487 apud
1297 425 1474 470 Alexan-

110 509 238 553 drum
272 509 469 553 eumdem
502 507 648 552 locum
682 508 958 563 obtinuisset3
994 509 1038 550 in
1071 507 1137 550 his
1173 506 1249 549 uni
1283 506 1477 564 equitum

109 587 184 631 alae
220 588 484 649 praefuisset;
520 597 619 649 post
656 597 800 631 autem
835 586 1067 632 Alexandri
1103 585 1257 645 Magni
1294 592 1478 628 mortem

110 667 342 727 imperator
368 667 580 711 exercitus
610 667 824 723 duxisset,
855 682 1133 726 summosque
1163 664 1293 708 duces
1319 663 1479 724 partim

108 743 352 806 repulisset,
373 747 531 807 partim
555 746 855 802 interfecisset3
876 755 1028 807 captus
1053 761 1142 789 non
1164 743 1373 804 Antigoni
1396 743 1480 786 vir-

108 834 219 881 tute,
238 824 311 884 sed
326 825 618 870 Macedonum
635 825 848 887 perjurio,
868 824 996 869 talem
1013 824 1167 868 habuit
1185 824 1348 867 exitum
1365 823 1475 866 vitae.

108 906 158 947 In
192 921 280 964 quo
315 916 477 965 quanta
506 904 637 950 fuerit
672 906 869 949 omnium
905 905 1054 965 opinio
1088 920 1239 947 eorum
1273 902 1348 962 qui
1381 912 1480 963 post

107 982 401 1028 Alexandrum
424 987 638 1046 Magnum
665 1001 786 1045 reges
810 993 912 1028 sunt
937 982 1161 1044 appellati,
1187 998 1238 1025 ex
1259 981 1342 1024 hoc
1367 979 1479 1024 facil-

108 1061 209 1107 lime
254 1074 396 1125 potest
426 1064 635 1123 judicari,
656 1064 773 1124 quod
794 1080 942 1119 nemo,
962 1065 1156 1106 Eumene
1175 1061 1294 1117 vivo,
1314 1076 1390 1103 rex
1409 1075 1483 1120 ap-

108 1140 290 1202 pellatus
313 1153 396 1199 est,
424 1144 496 1187 sed
528 1142 774 1204 praefectus3
804 1143 953 1199 iidem,
977 1151 1077 1203 post
1103 1140 1234 1200 hujus
1258 1155 1478 1195 occasum,

109 1222 253 1265 statim
280 1224 448 1283 regium
473 1234 677 1267 ornatum
700 1238 945 1282 nomenque
971 1229 1251 1281 sumpserunt
1280 1236 1289 1262 :
1320 1234 1479 1278 neque,

108 1300 225 1360 quod
256 1303 381 1345 initio
420 1301 732 1363 praedicarant,
773 1318 817 1345 se
856 1300 1089 1347 Alexandri
1122 1299 1265 1343 liberis
1296 1313 1477 1358 regnum

108 1396 296 1438 servare,
334 1381 378 1424 id
409 1391 612 1442 praestare
645 1380 905 1437 voluerunt3
939 1390 1000 1437 et,
1036 1397 1125 1423 uno
1154 1388 1479 1440 propugnatore

108 1458 297 1517 sublato,
325 1460 429 1520 quid
450 1461 677 1517 sentirent,
700 1469 977 1521 aperuerunt.
1003 1459 1144 1518 Hujus
1169 1458 1336 1502 sceleris
1357 1457 1478 1517 prin-

107 1539 221 1599 cipes
248 1539 423 1583 fuerunt
446 1541 712 1601 Antigonus,
739 1539 1015 1596 Ptolemaeus,
1043 1538 1270 1594 Seleucus,
1290 1537 1481 1597 Lysima-

107 1617 234 1675 chus,
264 1619 516 1664 Cassander.
543 1621 790 1680 Antigonus
816 1629 960 1663 autem
986 1621 1227 1662 Eumenem
1257 1626 1480 1660 mortuum

108 1698 362 1758 propinquis
383 1699 475 1758 ejus
498 1698 790 1760 sepeliendum
811 1698 989 1742 tradidit
1010 1715 1018 1741 :
1040 1699 1085 1741 hi
1104 1697 1281 1741 militari
1300 1696 1481 1739 honesto

108 1776 280 1833 funere,
313 1780 546 1822 comitante
577 1789 670 1823 toto
701 1779 916 1836 exercitu,
953 1779 1267 1833 humaverunt3
1303 1793 1482 1836 ossaque

107 1857 198 1916 ejus
225 1858 269 1901 in
295 1858 616 1919 Cappadociam
642 1858 696 1902 ad
725 1869 907 1902 matrem
939 1868 1068 1919 atque
1099 1873 1279 1901 uxorem
1306 1855 1479 1900 liberos-

107 1953 191 1996 que
216 1938 307 1997 ejus
332 1937 602 1999 deportanda
627 1948 850 1982 curarunt.
