1859 3310
314 212 368 224 ΜΛ
374 213 746 228 CMNWWWUQWWQWW
750 214 1682 230 WWWWWWWWWWWWWWWRQQY

968 414 1026 454 II.

601 626 1392 697 THEMISTOCLES.

317 1049 701 1145 THEMISTOCLES‚
726 1089 903 1135 Neoclis
931 1090 1064 1149 filius,
1091 1092 1381 1136 Atheniensis.
1414 1091 1554 1151 Hujus
1581 1092 1686 1134 vitia

313 1167 501 1210 ineuntis
525 1168 829 1214 adolescentiae
856 1173 1025 1233 magnis
1048 1182 1148 1215 sunt
1171 1172 1401 1216 emendata
1424 1171 1682 1214 virtutibus:

312 1245 419 1289 adeo
450 1258 497 1290 ut
528 1248 797 1293 anteferatur
830 1251 930 1294 huic
959 1268 1109 1308 nemo,
1146 1254 1273 1312 pauci
1307 1268 1430 1312 pares
1462 1260 1683 1311 putentur.

312 1327 395 1369 Sed
416 1328 469 1370 ab
492 1330 618 1371 initio
647 1340 711 1372 est
733 1330 1008 1374 ordiendum.
1034 1334 1162 1376 Pater
1184 1333 1275 1393 ejus
1299 1330 1484 1376 Neocles
1509 1348 1685 1392 genero-

312 1422 382 1449 sus
408 1406 503 1451 fuit.
529 1411 572 1452 Is
600 1426 781 1453 uxorem
810 1410 1175 1456 Halicarnassiam
1201 1413 1339 1455 civem
1364 1411 1505 1468 duxit,
1529 1429 1580 1454 ex
1603 1428 1687 1470 qua

313 1496 439 1529 natus
455 1497 520 1531 est
542 1489 869 1534 Themistocles.
900 1492 990 1547 Qui
1016 1508 1153 1551 quum
1176 1492 1321 1534 minus
1344 1501 1455 1534 esset
1479 1492 1687 1551 probatus

313 1568 586 1625 parentibus,
611 1570 729 1629 quod
757 1581 800 1614 et
827 1570 1005 1615 liberius
1028 1573 1225 1628 vivebat,
1248 1581 1292 1615 et
1312 1588 1404 1615 rem
1428 1570 1686 1615 familiarem

314 1647 579 1709 negligebat,
601 1667 624 1693 a
647 1660 768 1711 patre
784 1652 1081 1696 exhaeredatus
1099 1662 1177 1695 est.
1194 1655 1304 1709 Quae
1319 1650 1584 1695 contumelia
1600 1668 1685 1693 non

311 1728 440 1789 fregit
464 1747 583 1787 eum⁷
614 1732 687 1774 sed
712 1734 861 1776 erexit.
886 1735 1001 1777 Nam
1022 1750 1156 1793 quum
1176 1733 1432 1793 judicasset,
1458 1734 1548 1775 sine
1573 1748 1687 1774 sum-

312 1829 382 1855 ma
418 1813 632 1857 industria
669 1832 756 1876 non
794 1833 919 1875 posse
942 1833 1037 1859 eam
1068 1817 1284 1877 extingui3
1315 1825 1456 1860 totum
1492 1832 1535 1859 se
1569 1814 1688 1857 dedit

314 1892 560 1952 reipublicae
574 1929 585 1946 ‚
609 1893 860 1956 diligentius
880 1897 1029 1939 amicis
1045 1896 1255 1956 famaeque
1273 1897 1476 1940 serviens.
1492 1895 1684 1939 Multum

314 1972 354 2014 in
373 1972 547 2032 judiciis
564 1975 744 2034 privatis
769 1976 1043 2032 versabatur,
1068 1993 1178 2036 saepe
1196 1977 1240 2019 in
1263 1977 1519 2019 concionem
1537 1974 1684 2035 populi

312 2052 532 2110 prodibat3
559 2053 679 2097 nulla
709 2072 775 2098 res
805 2057 943 2115 major
973 2058 1066 2099 sine
1097 2053 1151 2099 'eo
1178 2056 1432 2117 gerebatur3
1462 2054 1684 2098 celeriter·

311 2148 413 2191 que,
437 2150 531 2192 quae
557 2151 666 2193 opus
687 2145 831 2189 erant,
856 2136 1114 2196 reperiebat.
1142 2137 1295 2195 Neque
1325 2136 1469 2178 minus
1494 2136 1535 2178 in
1557 2136 1685 2178 rebus

313 2212 514 2271 gerendis
547 2225 800 2275 promptus,
836 2233 966 2276 quam
993 2216 1312 2277 excogitandis,
1342 2225 1434 2259 erat
1459 2233 1466 2258 :
1492 2215 1608 2275 quod
1644 2225 1686 2258 et

312 2292 364 2333 de
387 2293 671 2351 instantibus,
704 2305 751 2338 ut
782 2296 842 2339 ait
865 2296 1171 2355 Thucydides,
1195 2296 1418 2339 verissime
1437 2295 1684 2355 judicabat,

313 2380 354 2410 nt
393 2372 632 2430 defuturis
660 2373 937 2419 callidissime
969 2377 1243 2436 conjiciebat.
1272 2377 1374 2432 Quo
1412 2376 1573 2420 factum
1604 2384 1684 2422 cst.

317 2461 361 2492 ut
388 2452 510 2496 brevi
534 2463 732 2514 tempore
754 2454 1060 2499 illustraretur.

375 2534 428 2574 Il.
461 2533 632 2576 Primus
666 2545 812 2578 autem
844 2536 1002 2596 gradus
1024 2536 1104 2579 suit
1135 2536 1408 2596 capessendae
1437 2534 1684 2596 reipublicae

317 2609 425 2654 bello
457 2614 688 2672 Corcyrzeo
719 2631 727 2656 t
758 2615 810 2657 ad
847 2616 961 2676 quod
997 2617 1235 2676 gerendum
1273 2626 1431 2675 praetor
1463 2634 1484 2658 a
1522 2614 1684 2675 populo
