1859 3310
335 220 403 245 102
777 204 1009 240 CORNELII
1039 204 1244 240 NEPOTIS

391 293 468 335 IX.
494 288 735 335 Dimidium
758 288 844 332 fere
861 289 1048 349 spatium
1067 288 1488 345 confecerat,·quum
1503 301 1555 328 ex
1572 285 1690 328 fumo

328 379 569 414 castrorum
594 368 685 427 ejus
710 367 896 428 suspicio
920 365 1047 410 allata
1075 376 1138 410 est
1161 365 1215 410 ad
1238 369 1497 420 Eumenem,
1521 363 1690 407 hostem

328 449 689 509 appropinquare.
718 446 996 489 Conveniunt
1015 444 1144 490 duces
1170 462 1179 488 :
1203 445 1430 504 quaeritur,
1454 441 1558 502 quid
1582 457 1692 502 opus

329 529 383 570 sit
400 527 532 570 facto.
557 525 861 585 Intelligebant
887 540 1054 579 omnes,
1079 533 1167 567 tam
1199 523 1393 567 celeriter
1417 522 1562 582 copias
1582 522 1694 581 ipso-

327 622 426 649 rum
447 605 643 648 contrahi
665 620 752 646 non
770 619 913 664 posse,
932 619 1061 661 quam
1080 603 1324 662 Antigonus
1344 600 1559 645 affuturus
1578 600 1695 644 vide-

326 684 467 727 batur.
499 684 603 739 Hie,
633 683 834 726 omnibus
868 682 1173 738 titubantibus,
1207 692 1250 726 et
1277 680 1330 724 de
1358 682 1486 724 rebus
1516 680 1694 724 summis

327 762 673 824 desperantibus,
704 764 918 805 Eumenes
951 761 1030 817 ait,
1062 762 1096 805 si
1125 760 1386 805 celeritatem
1414 759 1548 803 velint
1576 759 1696 802 adhi-

329 842 447 897 bere,
471 851 513 884 et
538 841 748 901 imperata
766 840 925 896 facere,
946 839 1063 900 quod
1086 849 1186 883 ante
1208 856 1298 883 non
1321 838 1519 894 fecerint,
1538 854 1581 881 se
1603 854 1695 881 rem

327 919 642 981 expediturum.
663 920 795 975 Nam,
816 918 933 979 quod
957 919 1108 962 diebus
1127 920 1319 979 quinque
1337 917 1471 961 hostis
1495 917 1697 960 transisse

328 1009 489 1060 posset,
529 1016 573 1043 se
606 998 885 1056 effecturum,
925 1008 973 1042 ut
1008 1015 1096 1042 non
1131 999 1275 1041 minus
1313 995 1494 1041 totidem
1529 994 1696 1039 dierum

327 1079 463 1139 spatio
498 1078 792 1122 retardaretur
829 1094 839 1121 :
875 1095 1008 1139 quare
1043 1078 1341 1132 circumirent,
1379 1092 1477 1119 suas
1517 1076 1698 1135 quisque

327 1158 470 1218 copias
510 1158 796 1201 contraheret.
842 1157 910 1203 Ad
951 1157 1158 1218 Antigoni
1199 1166 1344 1200 autem
1390 1153 1698 1199 refrenandum

327 1236 557 1297 impetum,
593 1236 676 1280 tale
711 1238 827 1297 capit
861 1235 1103 1280 consilium.
1143 1238 1295 1280 Certos
1332 1235 1464 1278 mittit
1501 1233 1699 1277 homines

328 1314 382 1358 ad
416 1315 587 1359 infimos
623 1326 812 1372 montes,
847 1317 922 1376 qui
958 1316 1073 1359 obvii
1104 1325 1227 1359 erant
1261 1315 1404 1358 itineri
1435 1313 1701 1356 adversario-

328 1411 446 1450 rum3
478 1396 630 1455 hisque
659 1396 881 1456 praecepit,
913 1404 962 1439 ut
991 1396 1131 1456 prima
1158 1404 1303 1448 nocte,
1336 1409 1466 1453 quam
1497 1391 1700 1435 latissime

328 1475 514 1535 possint,
533 1475 652 1535 ignes
677 1475 834 1518 faciant
858 1491 989 1535 quam
1013 1475 1242 1529 maximos,
1266 1483 1395 1533 atque
1411 1472 1490 1515 hos
1513 1470 1701 1515 secunda

331 1551 474 1614 vigilia
502 1554 722 1611 minuant,
753 1555 881 1598 tertia
908 1555 1165 1615 perexiguos
1192 1553 1395 1608 reddant3
1425 1562 1491 1608 et,
1523 1552 1702 1594 assimu-

329 1631 415 1675 lata
438 1642 678 1678 castrorum
706 1634 1039 1691 consuetudine,
1071 1635 1360 1695 suspicionem
1386 1632 1580 1691 injiciant
1603 1632 1701 1674 hos-

327 1711 464 1770 tibus,
499 1713 565 1757 his
600 1712 704 1757 locis
733 1730 823 1757 esse
857 1724 1016 1771 castra,
1048 1730 1097 1757 ac
1130 1713 1182 1757 de
1210 1729 1362 1756 eorum
1391 1711 1578 1755 adventu
1610 1727 1700 1754 esse

327 1793 688 1852 praenuntiatun13
724 1793 924 1853 idemque
957 1803 1129 1854 postera
1160 1802 1286 1836 nocte
1321 1791 1491 1835 faciant.
1528 1791 1701 1848 Quibus

329 1871 588 1931 imperatum
621 1882 732 1929 erat,
764 1872 992 1934 diligenter
1022 1882 1288 1934 praeceptum
1323 1880 1492 1915 curant.
1525 1871 1702 1931 Antigo-

328 1967 431 2009 nus,
462 1952 650 1997 tenebris
679 1953 863 2010 obortis,
895 1954 1014 2014 ignes
1044 1953 1344 2014 conspicatum
1375 1951 1511 1995 credit
1541 1951 1593 1995 de
1623 1968 1701 1994 suo

329 2031 518 2076 adventu
557 2049 646 2077 esse
686 2033 909 2090 auditum,
948 2043 990 2077 et
1028 2032 1294 2076 adversarios
1330 2030 1431 2075 illuc
1469 2047 1566 2075 suas
1601 2047 1703 2074 con-

330 2112 507 2155 traxisse
541 2114 699 2173 copias.
731 2114 876 2156 Mutat
907 2111 1160 2167 consilium,
1196 2121 1258 2168 et,
1297 2111 1503 2170 quoniam
1539 2110 1703 2171 impru-

328 2189 477 2234 dentes
497 2191 657 2236 adoriri
681 2209 769 2236 non
793 2202 959 2253 posset,
985 2191 1118 2236 flectit
1142 2193 1223 2235 iter
1247 2207 1396 2247 suum,
1420 2199 1462 2233 et
1487 2188 1609 2232 illum
1629 2206 1704 2232 an-

327 2268 513 2314 fractum
532 2270 772 2332 longiorem
793 2273 976 2333 copiosae
1001 2274 1077 2316 viae
1101 2273 1236 2333 capit,
1262 2272 1406 2331 ibique
1431 2269 1544 2314 diem
1564 2287 1702 2313 unum

328 2351 576 2410 opperitur,
608 2351 663 2395 ad
693 2351 991 2396 lassitudinem
1021 2351 1254 2396 sedandam
1286 2350 1495 2407 militurn,
1526 2366 1574 2393 ac
1606 2350 1702 2393 refi-

329 2429 479 2473 cienda
497 2430 715 2488 jumenta,
734 2448 822 2492 quo
843 2432 1077 2493 integriore
1096 2433 1285 2475 exercitu
1310 2430 1571 2474 decerneret.

392 2510 444 2551 X.
482 2510 563 2553 Hic
586 2512 800 2556 Eumenes
820 2510 1024 2555 callidum
1046 2513 1349 2572 imperatorem
1374 2511 1475 2553 vicit
1499 2509 1698 2565 consilio,

329 2586 676 2649 celeritatemque
695 2590 914 2651 impedivit
931 2591 1023 2650 ejus
1044 2609 1052 2634 :
1076 2607 1215 2651 neque
1233 2600 1374 2634 tamen
1397 2588 1583 2633 multum
1604 2606 1701 2649 pro-
