1859 3310
673 244 932 281 HANNIBAL.
1415 254 1427 276 1
1439 240 1485 277 25

121 348 215 391 quae
233 333 276 375 in
293 332 442 375 aerario
460 338 754 392 reponeretur.
776 326 964 381 Deinde,
983 341 1097 368 anno
1118 333 1215 385 post
1238 333 1490 384 praeturam,

119 413 270 454 Marco
302 409 504 465 Claudio,
533 409 668 452 Lucio
699 407 830 451 Furio
872 422 1001 461 coss.,
1032 404 1200 447 romani
1228 402 1355 462 legati
1387 404 1491 445 Car-

121 489 340 550 thaginem
372 496 597 531 venerunt.
630 489 720 529 Hos
757 483 973 528 Hannibal
1014 484 1079 527 sui
1111 480 1371 542 exposcendi
1398 496 1493 540 gra-

121 567 182 610 tia
207 567 357 610 missos
381 575 520 622 ratus,
548 566 802 626 priusquam
828 564 894 606 his
924 572 1096 606 senatus
1121 561 1317 616 daretur,
1341 575 1493 603 navem

120 644 368 689 conscendit
395 643 528 701 clam,
555 653 685 704 atque
712 644 756 686 in
786 643 952 703 Syriam
975 641 1029 685 ad
1051 640 1316 686 Antiochum
1343 637 1494 699 profu-

120 724 195 784 git.
233 725 325 767 Hac
356 740 402 767 re
434 722 575 784 palam
608 723 742 778 facta,
779 722 903 765 Poeni
938 737 1067 764 naves
1102 719 1228 775 duas,
1268 734 1364 778 quae
1395 734 1493 761 eum

120 802 555 864 comprehenderent,
589 803 623 846 si
650 811 826 863 possent
853 800 1079 859 consequi,
1110 800 1322 843 miserunt
1346 814 1354 840 :
1380 797 1496 840 bona

120 881 212 941 ejus
245 881 524 943 publicarunt
559 899 568 925 :
606 882 783 925 domum
810 897 835 924 a
867 879 1160 923 fundamentis
1193 877 1454 937 disjecerunt
1484 893 1493 919 ε

119 961 263 1022 ipsum
285 960 475 1005 exsulem
498 961 766 1021 judicarunt.

182 1042 302 1084 VIII.
338 1043 395 1085 At
417 1039 656 1097 Hannibal,
682 1056 797 1083 anno
823 1041 950 1083 tertio
978 1047 1209 1100 postquam
1238 1036 1366 1079 domo
1395 1051 1495 1095 pro-

118 1117 308 1178 fugerat,
335 1120 386 1162 L.
413 1118 636 1175 Cornelio,
660 1120 829 1176 Quinto
857 1119 1053 1162 Minucio
1091 1133 1222 1172 coss„
1248 1131 1347 1159 cum
1372 1114 1498 1174 quin-

119 1213 204 1257 que
237 1198 420 1242 navibus
453 1197 642 1243 Africam
674 1198 871 1254 accessit,
900 1199 943 1240 in
980 1197 1139 1240 finibus
1167 1197 1497 1256 Cyrenaeorum,

120 1276 155 1319 si
178 1275 289 1320 forte
307 1278 686 1338 Carthaginienses
712 1277 766 1321 ad
788 1276 968 1333 bellum,
996 1275 1200 1322 Antiochi
1225 1291 1299 1336 spe
1322 1273 1499 1317 fiducia-

120 1372 224 1415 que,
248 1356 452 1401 inducere
469 1367 615 1418 posset
637 1374 645 1400 :
672 1358 742 1400 cui
757 1357 847 1415 jam
869 1365 1162 1417 persuaserat,
1186 1365 1235 1398 ut
1258 1370 1357 1398 cum
1379 1369 1499 1397 exer-

121 1435 276 1479 citibus
298 1436 343 1479 in
363 1436 533 1480 Italiam
559 1436 919 1498 proficisceretur.
946 1438 1044 1479 Huc
1063 1437 1298 1497 Magonem
1322 1433 1498 1478 fratrem

120 1515 286 1558 excivit.
315 1515 367 1559 Id
391 1517 466 1560 ubi
492 1517 615 1560 Poeni
642 1517 930 1572 resciverunt,
959 1518 1193 1577 Magonem
1217 1514 1390 1571 eadem,
1415 1530 1500 1574 qua

120 1591 316 1651 fratrem,
334 1595 554 1640 absentem
571 1612 700 1657 poena
716 1595 967 1639 affecerunt.
988 1594 1078 1651 Illi,
1098 1594 1332 1655 desperatis
1350 1594 1500 1650 rebus,

120 1689 256 1732 quum
278 1673 505 1719 solvissent
528 1692 682 1733 naves,
707 1692 757 1720 ac
780 1674 875 1719 vela
898 1676 1038 1719 ventis
1065 1674 1305 1731 dedissent3
1334 1674 1501 1717 Hanni-

118 1750 189 1795 bal
215 1752 270 1796 ad
289 1754 554 1799 Antiochum
579 1756 790 1816 pervenit.
814 1757 882 1800 De
908 1756 1110 1816 Magonis
1136 1755 1315 1798 interitu
1340 1752 1500 1814 duplex

118 1834 326 1877 memoria
347 1834 521 1895 prodita
540 1844 617 1879 est.
642 1837 842 1895 Namque
864 1834 935 1878 alii
958 1834 1206 1895 naufragio,
1230 1832 1302 1877 alii
1324 1850 1348 1876 a
1370 1834 1502 1876 servis

119 1911 254 1972 ipsius
272 1912 547 1957 interfectum
569 1931 693 1972 eum,
717 1915 928 1975 scriptum
951 1913 1236 1974 reliquerunt.
1258 1912 1502 1957 Antiochus

118 2000 282 2048 autem,
311 1993 346 2037 si
374 2002 464 2036 tam
492 1994 536 2036 in
564 1993 732 2054 agendo
758 1992 872 2037 bello
901 2009 1053 2055 parere
1075 1991 1284 2036 voluisset
1313 1990 1503 2035 consiliis

118 2071 234 2130 ejus,
265 2089 397 2132 quam
430 2073 474 2116 in
507 2073 782 2134 suscipiendo
814 2074 1082 2129 instituerat,
1114 2071 1502 2133 propiusdTiberi,

119 2166 250 2210 quam
273 2151 595 2214 Thermopylis,
620 2152 673 2196 de
694 2169 862 2197 summa
887 2153 1056 2214 imperii
1079 2152 1335 2196 dimicasset.
1359 2152 1503 2208 Quem

118 2230 198 2273 etsi
218 2229 356 2274 multa
380 2230 511 2276 stulte
535 2233 683 2275 conari
710 2232 903 2288 videbat,
931 2242 1076 2275 tamen
1098 2230 1220 2276 nulla
1247 2230 1438 2275 deseruit
1459 2231 1503 2273 in

118 2325 177 2352 re.
207 2310 385 2354 Praefuit
407 2312 557 2372 paucis
587 2312 792 2368 navibus,
816 2328 924 2372 quas
946 2328 995 2355 ex
1023 2312 1147 2372 Syria
1167 2311 1316 2371 jussus
1342 2320 1435 2354 erat
1459 2311 1503 2354 in

118 2389 264 2433 Asiam
299 2390 476 2448 ducere,
510 2392 665 2451 hisque
700 2391 905 2435 adversus
939 2380 1215 2434 Rhodiorum
1248 2389 1425 2433 classem
1459 2390 1500 2433 in

118 2469 375 2531 Pamphylio
397 2471 503 2514 mari
529 2471 737 2514 conflixit.
763 2472 866 2528 Quo
890 2487 1028 2530 quum
1049 2468 1330 2513 multitudine
1352 2468 1504 2513 adver-

120 2551 333 2594 sariorum
359 2552 426 2594 sui
454 2561 791 2612 superarentur,
817 2552 932 2611 ipse,
959 2567 1048 2610 quo
1078 2566 1215 2593 cornu
1241 2566 1331 2593 rem
1355 2549 1505 2610 gessit,

119 2629 200 2674 fuit
223 2632 433 2693 superior.
