1859 3310
344 217 392 242 ἰο
645 205 875 241 CORNELII
903 206 1109 241 NEPOTIS
1138 204 1410 240 ARISTIDES.

408 291 465 333 II.
494 288 616 332 Idem
647 298 807 348 praetor
835 288 917 332 fuit
951 289 1282 333 Atheniensium
1315 286 1429 348 apud
1457 286 1636 330 Plataeas
1670 287 1709 329 in

348 367 501 428 proelio
516 401 527 421 ,
551 385 638 428 quo
656 368 912 411 Mardonius
936 367 1075 423 fusus,
1103 368 1476 427 barbarorumque
1502 366 1717 410 exercitus

348 446 602 490 interfectus
627 456 704 490 est.
737 447 889 506 Neque
918 445 1036 489 aliud
1059 457 1124 490 est
1147 446 1285 491 ullum
1317 448 1445 507 hujus
1472 447 1515 490 in
1541 462 1587 489 re
1611 443 1721 488 mili-

350 526 433 569 tari
457 524 623 568 illustre
648 525 831 579 factum,
856 541 988 584 quam
1019 526 1148 585 hujus
1176 527 1346 586 imperii
1373 525 1609 579 memoria,
1632 524 1722 584 jus-

310 641 315 645 ,
351 605 457 648 titiae
479 620 584 647 vero
605 613 648 647 et
669 604 884 663 aequitatis
913 614 957 647 et
989 605 1273 661 innocentiae,
1297 605 1447 649 multa.
1473 608 1525 649 In
1551 605 1722 666 primis,

352 683 470 743 quod
493 683 585 743 ejus
605 683 808 742 aequitate
827 682 990 727 factum
1012 693 1095 740 est,
1120 701 1255 744 quum
1281 685 1324 727 in
1343 686 1566 728 communi
1590 683 1723 728 classe

353 771 466 806 esset
484 762 666 806 Graeciae
694 760 822 805 simul
844 779 943 806 cum
966 764 1202 820 Pausania,
1225 780 1312 823 quo
1336 763 1447 807 duce
1468 763 1725 807 Mardonius

353 851 448 885 erat
480 842 678 903 fugatus,
702 851 751 884 ut
781 858 950 885 summa
977 843 1149 902 imperii
1176 843 1383 886 maritimi
1407 859 1431 885 a
1455 841 1727 886 Lacedaemo-

355 922 439 965 niis
464 921 772 965 transferretur
798 920 854 965 ad
875 921 1161 965 Athenienses
1178 938 1187 965 t
1203 938 1410 981 namque,
1433 932 1534 965 ante
1558 921 1601 965 id
1623 932 1730 965 tem-

356 1018 458 1062 pus,
482 1010 524 1045 et
544 1002 654 1044 mari
677 1011 721 1044 et
746 1010 863 1044 terra
882 999 1014 1045 duces
1036 1011 1160 1044 erant
1182 1001 1518 1057 Lacedaemonii,
1542 1011 1629 1044 ttun
1658 1016 1731 1044 au-

358 1091 446 1124 tem
488 1091 531 1124 et
565 1081 899 1141 intemperantia
931 1082 1173 1137 Pausaniae,
1203 1092 1247 1125 et
1280 1082 1449 1142 justitia
1476 1081 1637 1125 factum
1668 1090 1732 1124 est

358 1160 584 1216 Aristidis,
617 1170 665 1204 ut
688 1177 839 1204 omnes
866 1160 955 1204 fere
980 1161 1177 1205 civitates
1205 1162 1385 1205 Graeciae
1412 1161 1467 1205 ad
1499 1161 1734 1205 Athenien-

361 1242 473 1286 sium
493 1242 746 1285 societatem
764 1257 807 1284 se
830 1240 1128 1301 applicarent,
1145 1251 1186 1284 et
1203 1241 1408 1284 adversus
1428 1241 1636 1284 barbaros
1656 1240 1734 1283 hos

361 1321 493 1365 duces
522 1319 764 1381 deligerent
799 1320 898 1376 sibi,
922 1337 1009 1380 quo
1042 1320 1212 1364 facilius
1236 1319 1520 1380 repellerent,
1559 1321 1593 1364 si
1626 1320 1736 1363 forte

362 1400 527 1446 bellum
551 1416 760 1444 renovare
791 1411 1065 1445 conarentur.

429 1483 508 1525 ΙΙΙ.
531 1479 601 1523 Ad
636 1479 793 1524 classes
831 1480 1125 1536 aedificandas,
1152 1482 1451 1541 exercitusque
1485 1496 1740 1541 comparan-

366 1561 464 1618 dos,
489 1571 705 1621 quantum
737 1561 931 1621 pecuniae
958 1577 1142 1621 quaeque
1168 1561 1318 1605 civitas
1352 1561 1497 1617 daret,
1529 1559 1741 1605 Aristides

367 1641 562 1685 delectus
587 1651 652 1685 est
674 1642 749 1700 qui
774 1641 1073 1684 constitueret.
1104 1643 1210 1701 Ejus
1237 1641 1419 1684 arbitrio
1443 1640 1742 1701 quadringena

369 1732 413 1766 et
448 1738 659 1782 sexagena
696 1720 857 1764 talenta
884 1721 1120 1780 quotannis
1155 1720 1315 1765 Delum
1351 1731 1454 1765 sunt
1489 1720 1659 1765 collata.
1693 1719 1743 1764 Id

369 1803 486 1845 enim
515 1818 747 1845 commune
775 1802 977 1851 aerarium
993 1817 1084 1845 esse
1107 1799 1355 1845 voluerunt.
1381 1802 1490 1858 Quae
1515 1803 1655 1845 omnis
1677 1818 1745 1862 pe-

372 1883 501 1926 cunia
534 1891 708 1942 postero
736 1890 931 1941 tempore
966 1881 1158 1924 Athenas
1192 1880 1399 1925 translata
1433 1891 1509 1925 est.
1546 1883 1628 1925 Hic
1662 1898 1746 1941 qua

372 1961 503 2006 fuerit
545 1961 827 2016 abstinentia,
861 1959 1032 2003 nullum
1061 1970 1126 2004 est
1159 1960 1318 2004 certius
1354 1961 1582 2017 indicium,
1615 1978 1745 2021 quam

374 2040 515 2101 quod,
539 2057 675 2101 quum
693 2043 824 2084 tantis
841 2041 971 2084 rebus
993 2040 1253 2100 praefuisset,
1277 2041 1322 2083 in
1348 2050 1469 2084 tanta
1490 2050 1747 2102 paupertate

375 2120 577 2177 decessit,
608 2130 674 2177 ut,
704 2120 779 2180 qui
804 2119 1053 2176 efferretur,
1079 2120 1151 2162 vix
1184 2118 1421 2179 reliquerit.
1446 2121 1549 2177 Quo
1587 2120 1747 2164 factum

375 2210 459 2254 est,
484 2210 533 2244 ut
560 2199 658 2244 filiae
683 2200 775 2260 ejus
798 2198 974 2260 publice
993 2198 1234 2255 alerentur,
1263 2208 1305 2242 et
1329 2199 1381 2243 de
1403 2201 1624 2243 communi
1645 2216 1748 2243 aera-

378 2281 443 2324 rio
466 2280 642 2324 dotibus
662 2280 772 2323 datis
793 2278 1126 2323 collocarentur.
1152 2280 1351 2323 Decessit
1372 2289 1518 2323 autem
1536 2279 1625 2323 fere
1653 2288 1748 2340 post

377 2377 542 2404 annum
575 2369 802 2421 quartum,
840 2375 971 2420 quam
1003 2356 1317 2403 Themistocles
1346 2359 1527 2403 Athenis
1561 2368 1652 2403 erat
1683 2374 1749 2402 ex-

379 2440 541 2501 pulsus.
