1859 3310
327 223 374 258 72
771 215 999 251 CORNELII
1031 212 1231 247 NEPOTIS

327 294 429 338 tati:
461 295 647 354 primum
676 311 744 338 eos
774 295 1042 338 adoriuntur.
1074 293 1139 337 Illi
1169 310 1303 353 quum
1328 293 1432 353 quid
1459 303 1676 354 ageretur,

325 382 399 416 aut
438 389 570 433 quare
601 373 743 428 fieret,
775 374 1045 433 ignorarent,
1078 373 1214 415 coacti
1246 381 1346 415 sunt
1377 388 1474 415 cum
1505 372 1564 415 eis
1596 388 1677 431 pu-

324 468 473 512 gnare,
489 451 542 494 ad
562 468 668 510 quos
686 451 963 506 transierant;
981 451 1033 493 ab
1051 451 1203 510 hisque
1222 460 1353 507 stare,
1373 467 1479 510 quos
1497 449 1677 510 relique-

322 540 431 572 rant.
459 529 629 585 Quibus
652 545 784 588 quum
810 530 951 572 neutri
977 539 1219 589 parcerent,
1243 529 1437 573 celeriter
1460 539 1559 572 sunt
1577 545 1677 572 con-

321 609 407 651 cisi.
434 607 638 666 Reliquos
658 607 821 650 Pisidas
845 608 1087 652 resistentes
1105 611 1309 653 Datames
1332 607 1514 661 invadit,
1536 608 1676 667 primo

323 689 484 746 impetu
517 683 660 745 pellit,
694 685 905 746 fugientes
942 689 1234 747 persequitur,
1261 686 1417 730 multos
1451 687 1674 741 interficit,

320 774 457 808 castra
488 765 678 808 hostium
702 766 829 824 capit.
856 764 948 808 Tali
975 765 1155 810 consilio
1180 782 1267 809 uno
1292 776 1483 825 tempore
1512 775 1553 808 et
1578 781 1676 825 pro-

321 843 478 887 ditores
500 842 703 903 perculit,
727 855 768 887 et
790 844 930 887 hostes
954 844 1216 904 profligavit;
1237 854 1296 898 et,
1320 843 1435 903 quod
1457 844 1509 887 ad
1534 845 1676 904 perni-

319 922 427 966 ciem
462 922 600 966 fuerat
635 923 893 983 cogitatum,
931 922 974 965 id
1009 922 1062 965 ad
1100 921 1280 965 salutem
1315 924 1554 966 convertit:
1591 939 1675 983 quo

321 1018 458 1062 neque
480 1003 646 1046 acutius
668 1001 796 1046 ullius
821 1001 1092 1062 imperatoris
1114 1002 1370 1062 cogitatum,
1398 1018 1537 1062 neque
1565 1001 1675 1046 cele-

318 1080 403 1123 rius
424 1080 582 1124 factum
605 1097 785 1140 usquam
810 1080 1004 1142 legimus.

378 1161 475 1203 Vll.
499 1161 564 1204 Ab
588 1161 672 1204 hoc
695 1169 837 1203 tamen
863 1161 956 1204 viro
981 1161 1184 1215 Scismas,
1207 1161 1393 1204 maximo
1414 1170 1517 1204 natu
1542 1160 1674 1213 filius,

317 1238 487 1292 desciit,
511 1239 566 1282 ad
593 1255 822 1300 regemque
842 1240 1033 1295 transiit,
1053 1249 1093 1283 et
1113 1239 1164 1282 de
1187 1239 1426 1283 defectione
1452 1241 1585 1300 patris
1603 1239 1675 1284 de-

318 1317 425 1360 tulit.
451 1319 554 1374 Quo
575 1319 730 1361 nuntio
754 1320 1015 1362 Artaxerxes
1036 1329 1299 1373 commotUS,
1323 1318 1440 1378 quod
1466 1318 1676 1380 intellige-

317 1396 408 1450 bat,
434 1397 513 1440 sibi
537 1413 634 1440 cum
659 1397 753 1440 viro
781 1397 883 1440 forti
911 1414 959 1441 ac
989 1406 1165 1441 strenuo
1193 1398 1416 1458 negotium
1448 1415 1556 1453 esse,
1580 1399 1675 1458 qui,

316 1491 450 1534 quum
474 1477 720 1537 cogitasset,
743 1475 882 1520 facere
901 1476 1096 1530 auderet,
1121 1485 1162 1519 et
1186 1476 1304 1536 prius
1325 1477 1675 1537 cogitare,quam

315 1555 463 1598 conari
481 1565 746 1609 consuesset,
768 1555 1141 1615 Autophradaten]
1166 1556 1209 1597 in
1233 1554 1554 1615 Cappadociam
1581 1557 1676 1599 mit-

315 1634 374 1676 tit.
402 1634 482 1678 Hic
509 1651 563 1678 ne
592 1635 756 1677 intrare
778 1643 938 1694 posset,
963 1633 1140 1687 saltum,
1170 1634 1213 1676 in
1241 1650 1328 1693 quo
1352 1633 1515 1677 Ciliciae
1539 1644 1675 1694 portae

313 1722 414 1755 sunt
437 1713 545 1767 sitae,
567 1715 773 1756 Datames
797 1729 1100 1772 praeoccupare
1122 1712 1300 1755 studuit.
1325 1712 1408 1756 Sed
1427 1722 1514 1756 tam
1533 1713 1675 1756 subito

313 1792 456 1850 copias
474 1792 733 1835 contrahere
754 1808 842 1834 non
871 1792 1025 1851 potuit.
1046 1793 1084 1835 Α
1105 1807 1189 1850 qua
1211 1807 1257 1834 re
1280 1790 1484 1851 depulsus
1509 1807 1607 1835 curn
1626 1808 1674 1835 ea

314 1886 443 1913 manu
472 1887 601 1930 quam
626 1879 921 1925 contraxerat,
945 1869 1087 1913 locum
1112 1869 1270 1929 delegit
1294 1869 1442 1924 talem,
1466 1879 1513 1913 ut
1535 1884 1674 1931 neque

313 1948 614 1992 circumiretur
638 1949 690 1992 ab
721 1949 938 2005 hostibus,
958 1965 1098 2009 neque
1121 1949 1360 2009 praeteriret
1385 1948 1673 2003 adversarius,

312 2027 417 2085 quin
445 2027 705 2087 ancipitibus
738 2027 842 2071 locis
868 2036 1156 2087 premeretur,
1184 2037 1246 2081 et,
1273 2028 1307 2070 si
1341 2027 1544 2070 dimicare
1573 2043 1671 2071 cum

312 2121 362 2147 eo
393 2104 544 2161 vellet,
579 2123 667 2149 non
699 2105 884 2149 multum
917 2107 1062 2149 obesse
1097 2105 1331 2150 multitudo
1361 2106 1548 2150 hostium
1588 2123 1672 2150 suae

314 2185 518 2243 paucitati
542 2194 694 2245 posset.

377 2264 494 2306 VIII.
524 2267 624 2308 Haec
650 2265 727 2308 etsi
756 2265 1102 2325 Autophradates
1128 2265 1321 2319 videbat,
1352 2274 1494 2308 tamen
1524 2267 1671 2310 statuit

317 2342 541 2402 congredi,
564 2359 693 2402 quam
717 2360 814 2387 cum
836 2345 966 2387 tantis
990 2344 1124 2403 copiis
1150 2344 1364 2405 refugere,
1387 2353 1461 2387 aut
1484 2354 1571 2388 tam
1597 2343 1670 2387 diu

312 2436 399 2463 uno
427 2419 523 2464 loco
553 2421 712 2465 sedere.
735 2423 933 2466 Habebat
959 2423 1245 2465 barbarorum
1273 2422 1466 2481 equitum
1494 2423 1669 2482 viginti,

312 2498 503 2557 peditum
534 2510 707 2544 centum
747 2500 902 2556 millia,
933 2517 1041 2561 quos
1075 2500 1136 2544 illi
1173 2500 1388 2545 Cardacas
1423 2499 1667 2561 appellant;

317 2577 586 2638 ejusdemque
613 2579 779 2639 generis
805 2596 855 2623 ιιι
892 2579 1190 2631 funditorum
1215 2588 1419 2638 praeterea
1442 2579 1668 2639 Cappado-
