1859 3310
330 254 400 278 202
677 249 883 285 JOANNIS
916 252 1060 288 HENR.
1093 254 1346 291 SCHLEGEL

326 339 437 373 quum
471 327 506 362 in
534 329 648 375 epulis
673 340 870 367 recusasset
899 335 1028 381 lyram,
1051 337 1198 372 habitus
1223 346 1276 373 est
1304 339 1502 375 indoctior.
1531 342 1629 388 Ergo
1657 342 1693 377 in

327 388 463 423 Graecia
488 390 614 424 musici
644 389 863 436 floruerunt,
890 395 1153 444 discebantque
1181 400 1219 434 id
1247 413 1395 444 omnes,
1425 413 1511 445 nec,
1531 403 1594 449 qui
1612 416 1696 439 nes-

327 449 466 493 ciebat,
489 451 573 485 satis
598 453 762 486 excultus
787 454 956 490 doctrina
978 459 1183 503 putabatur.
1209 477 1222 491 υ

381 512 563 545 Carebant
586 513 763 556 Romani,
791 527 902 560 quum
927 523 1049 553 tamen
1072 520 1259 557 Ciceronis
1285 529 1387 558 aetate
1414 531 1533 558 essent
1556 522 1696 559 floren—

328 570 469 612 tissimi,
490 572 597 607 bonis
619 574 765 609 musicis
787 576 942 622 perinde
965 585 1005 612 ut
1026 580 1248 626 pictoribus,
1276 584 1360 630 quia
1385 584 1564 619 dedecere
1587 593 1697 632 puta-

329 634 416 667 bant
439 633 502 667 has
524 640 618 668 artes
642 635 740 670 viros
764 637 919 673 nobiles.
943 640 1027 683 Quo
1040 641 1161 677 minus
1183 651 1260 678 erat
1278 645 1346 680 arti
1365 646 1541 690 honoris,
1565 659 1609 681 eo
1628 646 1698 681 mi-

329 706 418 727 nora
441 694 558 728 studia
588 695 744 732 fuerunt.

378 756 422 789 V.
452 755 553 790 Praef.
576 758 594 800 S
617 770 634 801 7
658 770 665 791 :
689 759 946 804 Gynoecom·cis.
967 764 1183 810 Respondet
1195 765 1271 800 haec
1284 778 1358 800 vox
1375 767 1429 811 ei,
1448 780 1555 814 quam
1574 769 1701 802 Turcfe

328 816 461 863 aliique
486 816 581 851 Asiae
606 820 737 866 populi
765 829 962 869 usurpant,
981 823 1138 867 haram,
1167 825 1236 860 nisi
1270 827 1371 873 quod
1399 827 1565 863 moribus
1588 829 1699 863 diffe-

329 884 422 911 runt.
450 878 586 914 Graecis
613 880 713 916 enim
740 895 848 918 unam
877 891 1019 919 tantum
1042 898 1193 921 uxorem
1226 887 1359 923 ducere
1385 888 1438 923 sas
1466 896 1562 931 erat,
1589 902 1699 936 quum

331 940 547 985 Mahomed‚
570 954 614 977 ex
633 943 783 991 antiqua
809 946 971 992 gentium
995 947 1222 982 asiaticarum
1247 950 1532 994 consuetudine,
1557 951 1701 986 asseclis

327 1001 399 1035 suis
421 1001 544 1049 plures
566 1005 793 1051 permiserit,
813 1020 884 1054 qua
905 1008 1050 1044 licentia
1070 1010 1221 1046 ditiores
1243 1011 1364 1046 adhuc
1382 1012 1570 1047 interdum
1591 1020 1702 1048 utun-

328 1068 396 1096 tur.
425 1065 607 1099 Homerus
629 1074 756 1102 auctor
777 1075 849 1112 est‚
869 1069 945 1116 jam
965 1070 1054 1105 olim
1073 1071 1226 1107 feminas
1246 1080 1453 1120 separatum
1476 1087 1496 1108 a
1520 1074 1611 1109 viris
1635 1073 1703 1108 do-

328 1125 505 1161 micilium
533 1138 738 1176 occupasse.
766 1132 949 1167 Monstrat
976 1132 1013 1167 id
1041 1135 1249 1181 exemplum
1280 1136 1499 1181 Penelopes,
1531 1135 1703 1182 Odysseae

328 1186 426 1222 libro
447 1200 472 1222 1.
495 1190 687 1226 Servatum
704 1191 812 1227 fuisse
826 1193 996 1229 eumdem
1014 1196 1224 1230 Graecorum
1243 1209 1384 1231 morem
1408 1196 1572 1231 Cornelii
1594 1195 1703 1230 etiam

329 1255 449 1294 aetate,
479 1251 687 1288 luculentus
724 1255 824 1289 testis
853 1262 906 1290 est
944 1257 1130 1291 Vitruvius.
1160 1259 1194 1293 Is
1220 1258 1335 1301 enim,
1363 1257 1408 1292 de
1431 1257 1704 1299 Architectura,

330 1310 352 1344 l.
368 1323 407 1344 VI
420 1338 429 1353 ,
443 1324 472 1346 c.
494 1325 556 1356 10,
575 1314 677 1359 quod
698 1314 911 1350 inscribitur
929 1329 937 1350 :
958 1333 972 1347 «
995 1318 1050 1351 De
1072 1329 1275 1364 graecorum
1297 1317 1534 1353 aedificiorum
1555 1330 1704 1353 eorum-

329 1384 400 1419 que
425 1373 587 1420 partium
611 1375 872 1422 dispositione,
892 1384 1001 1424 atquc
1021 1378 1278 1414 differentibus
1296 1380 1528 1423 nominibus,
1553 1378 1638 1414 satis
1658 1378 1705 1413 ab

329 1434 460 1469 italicis
482 1435 648 1471 moribus
667 1443 702 1472 et
724 1438 848 1473 usibus
872 1439 1186 1486 discrepantibu53
1204 1456 1218 1471 n
1239 1453 1314 1475 non
1335 1442 1453 1475 solum
1477 1440 1705 1474 mentionem

330 1495 414 1531 facit
439 1498 738 1544 gynaeconitidis‚
764 1501 828 1535 sed
859 1502 968 1536 etiam
990 1503 1118 1546 docet,
1147 1503 1337 1550 quomodo
1362 1501 1538 1537 aedificata
1563 1508 1598 1536 et
1625 1501 1703 1535 ins-

331 1564 447 1593 tructa
467 1571 543 1594 esse
562 1561 688 1596 soleat.
705 1577 719 1592 r<
737 1562 780 1596 In
799 1563 855 1597 his
870 1563 959 1598 locis
980 1563 1160 1598 introrsus
1183 1564 1454 1599 constituuntur
1474 1563 1542 1598 oeci
1559 1563 1705 1610 magni,

330 1619 369 1654 in
392 1620 524 1667 quibus
547 1622 903 1659 matresfamiliarum
926 1637 1006 1659 cum
1033 1624 1202 1660 lanificiis
1224 1626 1362 1660 habent
1382 1625 1599 1661 sessiones...
1619 1624 1706 1659 Haec

330 1693 414 1728 pars
436 1681 580 1718 aedificii
599 1686 841 1732 grnoecom'tis
859 1687 1077 1733 appellatur.
1093 1702 1107 1717 »
1129 1687 1342 1734 Opponitur
1355 1686 1617 1734 gynaeconitidi
1635 1698 1705 1719 αη-

330 1745 423 1778 dron
455 1757 518 1779 seu
552 1746 776 1790 andronicis,
810 1746 856 1781 de
884 1760 954 1794 qua
979 1747 1168 1783 Vitruvius
1196 1749 1218 1783 l.
1243 1762 1271 1784 c.
1298 1762 1305 1782 :
1335 1765 1349 1780 «
1366 1748 1483 1784 Graeci
1509 1747 1609 1783 enim
1635 1759 1706 1781 αη-

330 1807 469 1841 dronas
491 1808 679 1854 appellant
697 1821 813 1853 oecos,
837 1808 901 1843 ubi
926 1809 1098 1845 convivia
1122 1810 1242 1845 virilia
1268 1811 1388 1845 solent
1415 1822 1510 1853 esse,
1536 1808 1639 1855 quod
1661 1821 1705 1842 eo

330 1868 501 1903 mulieres
526 1882 603 1904 non
632 1870 820 1906 accedant.
844 1886 858 1902 υ
886 1871 1025 1906 Scitum
1050 1871 1117 1905 fuit
1139 1871 1317 1918 Diogenis
1339 1871 1468 1919 Cynici
1489 1871 1535 1906 de
1553 1877 1706 1916 utraque

331 1937 434 1976 parte
458 1931 589 1965 aedium
616 1932 772 1976 dictum,
793 1932 893 1979 quod
919 1932 1031 1966 refert
1050 1932 1236 1979 Diogenes
1258 1932 1435 1967 Laertius.
1460 1933 1581 1983 Quum
1609 1930 1705 1965 enim

331 2003 377 2026 ex
414 2004 481 2036 eo,
518 1993 783 2028 Lacedaemone
814 1994 979 2028 Athenas
1006 1993 1198 2037 veniente,
1225 2000 1400 2040 quaereret
1431 1992 1581 2039 aliquis,
1607 1991 1706 2025 unde

331 2053 494 2097 veniret,
516 2066 590 2100 quo
608 2055 800 2089 tenderet?
818 2055 1033 2101 respondit:
1052 2056 1106 2089 Ex
1128 2055 1367 2089 andronitide
1386 2054 1423 2089 in
1444 2052 1703 2101 gynaeconitin.

383 2115 448 2149 VI.
468 2114 698 2149 Miltiad.v11
711 2143 720 2158 ‚
737 2116 775 2157 3,
788 2123 1014 2150 memoratur
1035 2117 1197 2150 Poecile.
1228 2116 1391 2162 porticus
1411 2128 1472 2149 seu
1491 2122 1570 2149 stoa
1583 2114 1704 2148 Athe-

332 2188 483 2219 narum,
506 2175 544 2209 in
576 2188 648 2222 qua
682 2188 805 2222 pugna
835 2176 981 2223 depicta
1013 2183 1065 2210 est
1096 2177 1329 2211 Marathonia
1378 2177 1427 2211 ita
1453 2183 1491 2211 ut
1518 2176 1555 2210 in
1580 2176 1704 2210 decem

331 2244 532 2284 praetorum
554 2250 708 2272 numero
731 2237 850 2284 prima
869 2237 1046 2272 Miltiadis
1070 2237 1192 2284 imago
1215 2246 1437 2285 poneretur,
1457 2237 1560 2284 isque
1578 2238 1706 2272 horta-

331 2304 433 2332 retur
454 2297 587 2332 milites
612 2298 857 2344 proeliumque
876 2299 1131 2333 committeret.
1157 2300 1214 2334 Ad
1240 2300 1496 2335 illustrandum
1520 2300 1618 2334 hunc
1644 2300 1706 2333 lo-

333 2372 414 2394 cum
441 2359 533 2393 nihil
554 2366 676 2405 potest
697 2371 773 2394 esse
797 2359 1016 2394 luculentius
1038 2360 1161 2395 verbis
1189 2361 1249 2405 iis,
1269 2362 1402 2408 quibus
1429 2375 1513 2397 usus
1541 2368 1593 2397 est
1617 2362 1705 2395 AEs-

333 2421 458 2455 chines
477 2420 513 2455 in
534 2421 701 2455 oratione
721 2421 893 2456 adversus
908 2421 1197 2468 Ctesiphontem.
1213 2423 1306 2458 Utar
1318 2424 1489 2459 versione
1510 2422 1704 2458 Lambini:

335 2498 350 2512 «
371 2481 479 2517 Adite
501 2481 613 2528 igitur
634 2481 765 2517 animis
788 2482 836 2516 ad
854 2482 1039 2528 porticum
1059 2484 1249 2518 Poecilen!
1270 2485 1438 2519 omnium
1463 2485 1561 2519 enim
1582 2496 1705 2519 rerum

333 2545 592 2588 praeclararum
620 2550 765 2578 exstant
786 2543 894 2578 vobis
922 2543 958 2577 in
986 2543 1068 2578 soro
1090 2552 1341 2579 monumenta.
1371 2546 1470 2589 Quid
1497 2546 1609 2591 igitur
1634 2551 1707 2587 est,

333 2604 591 2649 Athenienses,
617 2605 717 2652 quod
743 2617 812 2653 ego
838 2604 950 2640 dico?
973 2605 1043 2640 Hic
1067 2606 1301 2641 Marathonia
1326 2618 1447 2653 pugna
1472 2607 1616 2654 depicta
1643 2612 1706 2641 est.

333 2666 425 2710 Quis
450 2673 526 2701 erat
556 2657 1065 2713 imperator?-—Ne1nincm'
1087 2680 1173 2703 sane
1206 2675 1369 2703 vestrum
1401 2681 1477 2704 esse
1505 2676 1617 2716 puto,
1644 2668 1709 2715 qui
