1859 3310
124 234 369 249 mmmmm
373 234 429 245 mmxx
436 232 631 245 =wvxwwnnw=
636 228 1053 242 §zammnnwwmnmvvwmwmvm
1060 228 1113 240 υννι
1119 230 1180 243 νννν
1185 230 1366 242 νιννυνυνιυννχ
1372 230 1492 243 „mvsa-„2-

227 451 811 537 CORNELII
869 449 1396 535 NEPOTIS

591 711 1040 768 PRAEFATIO

317 951 395 992 AD
425 950 611 993 TITUM
642 949 1012 992 POMPONIUM
1042 948 1319 991 ATTICUM.

136 1427 269 1509 NON
313 1465 467 1508 dubito
504 1466 595 1508 fore
630 1464 883 1525 plerosque,
930 1466 1096 1519 Attice,
1139 1467 1213 1523 qui
1254 1464 1338 1506 hoc
1375 1478 1509 1522 genus

136 1560 383 1619 scripturae,
408 1558 525 1615 leve,
560 1568 604 1602 et
639 1575 725 1602 non
759 1560 860 1603 satis
887 1558 1071 1619 dignum
1096 1574 1368 1602 summorum
1396 1557 1511 1599 viro-

137 1669 234 1696 rum
260 1654 455 1713 personis
478 1652 696 1713 judicent,
723 1670 859 1712 quum
886 1653 1074 1697 relatum
1097 1653 1267 1713 legent,
1297 1655 1393 1711 quis
1418 1667 1511 1693 mu-

137 1750 268 1790 sicam
309 1746 508 1790 docuerit
541 1748 921 1807 Epaminondam3
955 1758 1031 1792 aut
1063 1750 1107 1791 in
1149 1747 1241 1807 ejus
1273 1746 1511 1790 virtutibus

138 1845 490 1899 commemorari,
509 1844 684 1887 saltasse
708 1861 809 1888 eum
829 1844 1076 1899 commode,
1100 1845 1373 1902 scienterque
1396 1841 1513 1885 tibiis

138 1947 345 1980 cantasse.
385 1938 468 1981 Sed
514 1938 559 1981 hi
596 1949 726 1982 erunt
765 1940 879 1995 fere,
916 1940 991 1998 qui
1027 1948 1226 1999 expertes
1265 1938 1512 1981 litterarum

140 2047 396 2092 graecarum,
440 2032 548 2076 nihil
589 2044 778 2090 rectum,
819 2035 900 2077 nisi
935 2034 1054 2093 quod
1089 2035 1284 2094 ipsorum
1319 2033 1515 2077 moribus

139 2127 391 2182 conveniat,
415 2127 646 2186 putabunt.
672 2130 750 2183 Hi,
776 2129 810 2171 si
838 2128 1094 2185 didicerint,
1125 2145 1214 2172 non
1243 2128 1396 2172 eadem
1418 2144 1515 2173 om-

142 2222 270 2265 nibus
293 2238 383 2266 esse
401 2222 581 2266 honesta
604 2233 734 2284 atque
754 2226 918 2284 turpia,
944 2224 1019 2268 sed
1042 2226 1190 2268 omnia
1207 2226 1425 2284 majorum
1450 2225 1515 2266 in-

143 2318 304 2361 stitutis
331 2318 540 2378 judicari,
564 2335 652 2362 non
688 2319 1043 2375 admirabuntur,
1085 2337 1163 2362 nos
1200 2320 1243 2361 in
1277 2321 1514 2363 Graiorum

144 2413 377 2456 virtutibus
400 2412 667 2472 exponendis
682 2430 825 2457 mores
843 2431 995 2457 eorum
1019 2424 1204 2457 secutos.
1229 2415 1384 2473 Neque
1398 2414 1515 2456 enim

144 2508 318 2551 Cimoni
344 2507 427 2551 fuit
449 2517 593 2567 turpe,
625 2508 955 2551 Atheniensium
981 2525 1153 2551 summo
1176 2510 1292 2561 viro,
1323 2524 1518 2550 sororem

151 2617 394 2662 germanam
436 2602 594 2646 habere
629 2603 673 2645 in
711 2605 1019 2651 matrimoni02
1053 2604 1215 2663 quippe
1248 2619 1385 2662 quum
1423 2602 1517 2661 ejus

1317 2714 1333 2741 I
