1859 3310
356 216 375 249 ,Ἰ
384 217 404 255 4
804 210 1036 245 CORNELII
1066 207 1273 243 NEPOTIS

352 313 487 351 mam,
516 295 590 340 sed
620 296 750 340 etiam
777 295 1000 350 timorem,
1024 292 1142 353 quod
1170 301 1211 335 et
1239 291 1391 335 obesse
1417 288 1657 350 plurimum
1686 300 1729 333 et

352 376 556 438 prodesse
586 385 771 437 poterat.
800 373 1125 434 Aspergebatur
1152 372 1284 415 etiam
1315 369 1514 423 infamia,
1542 368 1660 428 quod
1686 370 1728 411 in

352 456 484 501 domo
518 472 595 499 sua
629 454 772 498 facere
808 453 1012 514 mysteria
1043 451 1294 506 dicebatur,
1330 450 1449 511 quod
1483 448 1602 492 nefas
1638 458 1730 492 erat

352 553 474 580 more
510 533 845 580 Atheniensium
874 550 883 575 ε
914 531 1045 591 idque
1076 547 1165 574 non
1200 530 1255 573 ad
1284 530 1541 592 religionem
1571 527 1645 573 sed
1675 528 1731 572 ad

353 614 703 675 conjurationem
732 611 949 671 pertinere
972 610 1315 653 existimabatur.

416 696 492 738 lV.
518 695 613 736 Hoc
638 692 821 735 crimine
843 691 887 733 in
910 690 1121 734 concione
1145 690 1198 733 ab
1228 689 1416 732 inimicis
1440 687 1732 749 compellaba-

353 784 437 817 tur.
468 772 552 816 Sed
575 771 764 815 instabat
788 779 961 830 tempus
983 769 1039 813 ad
1062 768 1225 812 bellum
1251 768 1567 828 proficiscendi.
1589 769 1639 812 ld
1664 768 1734 812 ille

355 854 550 907 intuens,
571 867 712 911 neque
732 850 940 911 ignorans
963 850 1123 893 civium
1147 864 1328 892 suorum
1353 848 1734 900 consuetudinem,

354 930 604 993 postulabat
627 940 699 983 ut,
728 931 762 974 si
791 929 898 990 quid
933 929 985 973 de
1012 945 1056 972 se
1076 928 1146 990 agi
1170 926 1353 984 vellent,
1382 928 1527 987 potius
1555 926 1608 970 de
1632 944 1737 987 proe-

355 1021 475 1056 sente
506 1012 674 1073 questio
709 1011 967 1065 haberetur,
992 1025 1124 1070 quam
1155 1008 1311 1052 absens
1346 1007 1518 1051 invidiae
1552 1008 1736 1051 crimine

355 1102 643 1136 accusaretur.
671 1091 839 1135 Inimici
860 1106 964 1133 vero
993 1090 1084 1150 ejus
1112 1087 1426 1149 quiescendum
1452 1089 1494 1131 in
1519 1089 1736 1148 praesenti,

355 1174 457 1233 quia
490 1173 638 1216 noceri
678 1187 768 1214 non
806 1186 931 1231 posse
970 1167 1294 1230 intelligebant,
1332 1177 1374 1211 et
1417 1166 1526 1211 illud
1567 1177 1737 1229 tempus

356 1251 697 1313 exspectandum
723 1250 1033 1305 decreverunt,
1054 1265 1142 1308 quo
1164 1248 1340 1304 exisset,
1363 1257 1410 1292 ut
1434 1249 1494 1292 sic
1513 1249 1736 1292 absentem

356 1331 718 1392 aggrederentur,
741 1330 888 1389 itaque
910 1328 1121 1372 fecerunt.
1153 1330 1288 1383 Nam,
1312 1338 1542 1388 postquam
1567 1329 1610 1371 in
1632 1329 1737 1372 Sici-

356 1410 458 1455 liam
483 1425 583 1455 eum
605 1410 854 1471 pervenisse
882 1408 1184 1464 crediderunt,
1209 1409 1456 1463 absentem,
1477 1408 1595 1469 quod
1616 1425 1738 1453 sacra

356 1493 580 1548 x-iolasset‚
609 1507 735 1535 reum
757 1489 970 1533 fecerunt.
994 1489 1097 1546 Qua
1124 1488 1178 1532 de
1206 1506 1252 1532 re
1276 1505 1413 1549 quum
1443 1489 1482 1531 ei
1512 1489 1693 1532 nuntius
1715 1506 1739 1532 a

355 1572 613 1633 magistratu
637 1572 681 1614 in
713 1568 906 1614 Siciliam
940 1570 1097 1613 missus
1121 1578 1251 1624 esset,
1276 1578 1325 1612 ut
1348 1568 1528 1612 domum
1552 1568 1607 1612 ad
1637 1585 1738 1612 cau-

355 1667 445 1695 sam
466 1650 693 1695 dicendam
715 1650 901 1703 rediret,
925 1659 1123 1709 essetque
1147 1649 1190 1691 in
1215 1664 1374 1709 magna
1396 1665 1472 1708 spe
1499 1648 1738 1708 provinciae

353 1732 465 1775 bene
485 1729 861 1785 administrandae3
878 1745 967 1772 non
995 1745 1148 1789 parere
1172 1727 1332 1784 noluit,
1357 1737 1399 1771 et
1423 1728 1466 1771 in
1494 1728 1737 1783 triremem,

354 1828 450 1872 quae
469 1811 524 1855 ad
545 1827 645 1854 eum
658 1809 982 1870 deportandum
1001 1818 1094 1853 erat
1108 1810 1252 1864 missa,
1272 1807 1609 1852 adscendit.Hac
1622 1808 1739 1853 Thu-

355 1893 440 1936 rios
464 1893 509 1935 in
537 1890 710 1935 Italiam
736 1898 988 1950 pervectus,
1014 1888 1152 1933 multa
1173 1906 1318 1933 secum
1343 1897 1552 1949 reputans
1578 1889 1631 1933 de
1656 1891 1737 1933 im-

354 1971 579 2015 moderata
610 1972 770 2014 civium
810 1986 989 2014 suorum
1018 1969 1220 2025 licentia,
1254 1967 1599 2029 crudelitateque
1633 1986 1735 2031 erga

353 2049 541 2107 nobiles,
565 2050 845 2095 utilissimum
860 2059 999 2106 ratus,
1014 2049 1340 2110 impendentem
1365 2050 1527 2094 evitare
1552 2059 1738 2109 tempes-

354 2140 507 2187 tatem,
537 2130 649 2176 clam
679 2148 722 2175 se
755 2148 780 2175 a
814 2130 1067 2175 custodibus
1096 2129 1323 2185 subduxit,
1346 2140 1389 2173 et
1411 2130 1510 2173 inde
1540 2130 1734 2191 primum

353 2210 545 2268 Elidem,
573 2212 730 2256 deinde
765 2212 937 2256 Thebas
961 2211 1095 2255 venit.
1124 2214 1361 2271 Postquam
1401 2221 1546 2254 autem
1587 2228 1630 2255 se
1665 2226 1736 2254 ca-

355 2292 456 2353 pitis
470 2291 749 2348 damnatum,
762 2292 889 2335 bonis
904 2290 1155 2352 publicatis,
1175 2290 1355 2347 audivit,
1376 2300 1436 2346 et,
1451 2289 1495 2333 id
1514 2290 1632 2351 quod
1653 2307 1730 2335 usu

356 2383 556 2429 venerat,
579 2372 863 2434 Eumolpidas
889 2371 1133 2416 sacerdotes
1155 2388 1179 2415 a
1203 2370 1367 2432 populo
1390 2381 1584 2427 coactos,
1615 2381 1663 2414 ut
1689 2387 1734 2414 se

356 2451 639 2509 devoverent,
667 2453 845 2514 ejusque
876 2452 1140 2508 devotionis,
1169 2468 1256 2512 quo
1287 2451 1486 2495 testatior
1512 2459 1621 2494 esset
1642 2466 1733 2493 mc-

356 2535 496 2577 moria
524 2533 795 2594 exemplum,
825 2534 870 2576 in
893 2532 981 2593 pila
1005 2531 1179 2593 lapidea
1202 2532 1407 2585 incisum,
1427 2547 1517 2575 esse
1539 2531 1731 2592 positum

362 2614 405 2657 in
431 2614 623 2674 publico,
647 2613 1006 2659 Lacedaemonem
1030 2612 1300 2674 demigravit.
1330 2612 1415 2668 Ibi,
1440 2620 1488 2655 ut
1512 2612 1601 2672 ipse
1625 2627 1732 2672 prae-
