1859 3310
489 245 537 278 ΙΝ
565 244 709 278 VITAS
738 242 942 277 EXCELL.
975 242 1136 277 IMPER.
1423 244 1496 278 23³

126 339 240 373 quum
264 334 299 363 et
318 328 479 364 radicem
498 327 634 362 montis
654 326 830 360 tenebant
849 325 1028 369 Romani;
1047 325 1111 360 sed
1131 325 1177 360 de
1196 325 1289 359 urbe
1307 325 1403 360 inter
1421 326 1493 362 fas-

126 388 257 435 tigium
285 397 320 424 et
341 390 483 425 radices
505 388 641 423 montis
660 387 746 431 sita,
771 400 879 434 quam
909 387 1069 422 Amilcar
1096 393 1357 433 occupaverat,
1390 395 1498 433 atque

127 449 300 485 adversus
308 451 497 486 Romanos
506 449 669 495 undique
678 455 885 495 prementes
894 448 1075 483 tuebatur.
1096 448 1331 482 VidePouss.
1341 454 1377 481 et
1384 448 1498 482 D1on.

179 511 370 546 Donicwn.
400 513 471 546 Pro
499 511 633 552 donec,
670 509 838 557 antique,
862 516 903 544 ut
933 509 970 543 in
999 510 1191 553 Lucretio,
1228 521 1284 553 11,
1321 513 1438 552 1114,
1465 512 1502 543 et

126 572 255 607 Plauto
281 573 427 616 AuluL,
452 584 488 615 1,
515 585 550 616 1,
578 571 634 606 16.

179 633 261 667 CAr.
276 633 341 668 111.
358 634 430 667 Ille
447 633 625 668 exercitui
637 631 798 680 proefiu't.
819 633 902 677 Ille,
923 633 1103 668 Asdrubal
1129 633 1284 678 scilicet,
1308 632 1393 680 quia
1416 638 1502 666 tunc

125 693 289 728 Annibal
312 694 470 741 imperio
493 695 708 729 immaturus
731 701 818 729 erat.

176 756 259 791 Cap.
281 756 344 790 IV.
367 756 486 790 Mare.
511 757 659 791 Fretum
681 756 905 791 Gaditanum
933 757 1113 805 (Poura,
1137 770 1194 800 Vl,
1226 756 1275 805 1).

177 818 362 866 Experiri.
393 817 438 853 Id
471 824 544 862 est,
569 818 826 853 Romanorum
861 817 1005 852 virtutis
1037 825 1072 853 et
1100 819 1276 865 potentiae
1301 817 1502 865 periculum

125 880 264 924 facere,
281 891 398 927 graece
422 875 576 926 πειρᾷν,
601 880 752 927 gallice,
777 887 904 914 mettre
921 879 946 913 ὰ
966 880 1162 927 l'e'preuve,
1186 882 1370 926 e'prfflwer.

178 943 234 977 De
267 941 447 976 Amilcare
475 942 567 986 hoc,
591 941 746 977 videndi
773 948 948 988 praeterea
975 941 1167 987 Polybius,
1188 940 1332 983 Livius,
1359 939 1505 974 Diodo-

126 1015 205 1047 rus,
224 1004 304 1038 Val.
327 1002 531 1047 Maximus,
557 1003 741 1046 Justinus,
759 1002 965 1049 Appianus,
992 1001 1206 1047 Eutropius,
1230 1008 1296 1035 etc.
1325 1000 1412 1046 Ejus
1440 1012 1504 1035 ca-

129 1071 212 1111 put,
230 1071 272 1099 ut
289 1065 438 1109 volunt,
457 1064 652 1099 exhibetur
674 1064 714 1098 in
734 1076 886 1098 nummo
905 1070 1081 1110 argenteo
1102 1062 1507 1106 tetradrachmo,111ter

130 1126 313 1174 Imagines
342 1126 538 1161 illustrium
561 1125 682 1161 Fulvii
699 1124 844 1168 Ursini,
867 1138 966 1159 num.
998 1137 1058 1169 1x,
1079 1124 1125 1159 ad
1149 1136 1258 1171 quam
1284 1123 1369 1158 vide
1395 1124 1506 1158 Com-

127 1195 233 1222 ment.
253 1189 328 1222 Jos.
350 1187 472 1222 Fabri.
497 1200 533 1234 p.
554 1201 596 1236 9,
619 1200 677 1222 10.
692 1187 842 1234 Integra
862 1198 951 1221 vero
973 1185 1113 1233 effigies
1132 1186 1170 1220 in
1194 1185 1335 1220 duabus
1354 1185 1508 1232 gemmis

127 1248 308 1294 ejusdem,
331 1248 377 1283 de
401 1248 538 1296 quibus
563 1248 725 1283 dicemus
754 1248 802 1283 ad
829 1259 958 1291 xxul,
979 1260 1012 1282 2.
1039 1249 1094 1282 De
1115 1247 1296 1282 Amilcare
1323 1247 1415 1290 alio,
1440 1259 1508 1293 pa·-

129 1318 223 1346 trem
256 1310 616 1358 Carthaginiensem,
649 1317 804 1345 matrem
833 1321 923 1344 vero
958 1310 1243 1357 Syracusanam,
1275 1315 1311 1343 et
1351 1308 1401 1342 ob
1428 1308 1507 1341 vir-

130 1379 243 1407 tutem
267 1383 425 1419 regnum
451 1371 810 1418 Carthaginiensium
836 1378 966 1415 nacto,
991 1371 1085 1405 mira
1113 1383 1176 1405 seu
1198 1370 1366 1404 fabulosa
1384 1376 1510 1404 narrat

129 1433 363 1478 Herodotus,
377 1432 442 1468 lib.
464 1446 563 1477 v111,
583 1445 661 1480 cap.
686 1432 770 1467 166.
789 1434 846 1468 De
864 1439 993 1468 nostro
1013 1432 1213 1477 Amilcare,
1232 1431 1329 1467 conf.
1350 1432 1483 1466 Rollin.

561 1548 609 1577 IN
644 1548 887 1577 ANNIBALIS
924 1547 1083 1576 VITAM.

182 1655 266 1691 cip,
291 1656 321 1690 Ι.
344 1654 607 1689 Proestitisse...
612 1654 828 1700 prudentia.
856 1655 939 1700 Ipse
963 1652 1130 1687 Annibal
1164 1669 1178 1685 a
1200 1653 1408 1689 Maximum
1437 1653 1511 1688 im-

132 1724 341 1765 peratorem
360 1715 618 1750 Alexandrum
636 1715 833 1761 Magnum,
858 1715 1040 1762 Pyrrhum
1061 1714 1284 1758 secundum,
1310 1714 1457 1749 tertium
1476 1727 1513 1749 se

131 1780 251 1827 ipsum
265 1789 342 1813 esse
358 1792 373 1809 υ
393 1776 498 1812 dixit.
513 1776 623 1823 Apud
635 1775 780 1810 Livium
791 1802 800 1820 ,
814 1787 914 1810 xxxv
926 1802 936 1820 ,
954 1779 997 1817 14
1008 1802 1017 1819 ,
1037 1782 1073 1810 et
1091 1775 1323 1823 Appianum,
1342 1776 1512 1821 Syriacis.

185 1840 268 1875 (ΠΛΡ.
291 1840 339 1874 11.
372 1839 522 1873 Pater...
547 1849 649 1872 mens
672 1837 878 1871 Hamilcar.
902 1837 1062 1871 Narrant
1084 1837 1181 1871 hanc
1205 1849 1285 1871 rem
1307 1837 1418 1871 etiam
1436 1838 1514 1871 Po-

134 1901 274 1950 lybius,
304 1899 451 1943 Livius,
475 1898 558 1933 Val.
579 1897 784 1941 Maximus,
810 1904 878 1932 etc.
907 1898 1131 1933 Corneolam
1156 1898 1304 1942 Ursini,
1330 1905 1515 1945 repertam

134 1965 171 1998 in
194 1975 284 2011 agro
302 1961 481 1997 Perusino
505 1972 626 2007 prope
653 1960 773 1994 lacum
807 1958 1085 2003 Trasimenum,
1110 1959 1174 1994 ubi
1201 1960 1364 1995 Annibal
1392 1966 1515 1995 teten-

133 2025 229 2060 disse
253 2024 402 2071 legitur,
419 2023 458 2057 in
478 2034 549 2068 qua
568 2034 588 2055 a
608 2021 748 2056 dextris
767 2020 931 2055 Amilcar
949 2033 1049 2055 sacra
1073 2021 1209 2055 faciens
1237 2021 1402 2067 sculptus
1421 2028 1517 2064 erat,

134 2087 215 2134 ipso
238 2084 423 2121 Annibale
435 2095 552 2131 puero
572 2082 620 2117 ad
639 2094 740 2117 aram
757 2088 894 2124 stante,
914 2095 933 2116 a
955 2081 1112 2116 sinistris
1133 2082 1318 2117 Asdrubal
1339 2082 1518 2129 galeatus,

137 2156 285 2196 patruus
314 2146 411 2193 ejuS,
438 2150 622 2179 memorat
646 2144 722 2178 Jos.
745 2143 866 2177 Faber
888 2140 1183 2191 (Commentario
1202 2144 1240 2177 in
1259 2144 1454 2191 Imagines
1471 2143 1518 2177 il-

135 2210 298 2245 lustrium
313 2207 543 2248 Ursinianus,
555 2217 592 2251 p.
607 2208 627 2246 4
637 2203 684 2252 1),
698 2203 922 2250 conjicitque
935 2204 1025 2238 Afro
1037 2204 1157 2248 alicui,
1169 2204 1336 2239 studioso
1350 2203 1519 2239 Anniba-

135 2271 197 2316 lis,
219 2282 289 2318 pro
309 2279 453 2316 gemma
469 2264 641 2301 annulari
659 2264 781 2298 fuisse.
796 2263 916 2298 Addit
933 2272 969 2299 et
992 2265 1038 2300 de
1054 2265 1125 2300 alia
1148 2276 1293 2311 gemma
1306 2291 1316 2309 ,
1329 2264 1519 2311 utriusque

136 2330 352 2380 capita,sed
365 2327 556 2365 Annibalis
574 2333 613 2361 ut
631 2325 757 2372 pueri,
776 2331 815 2359 ut
834 2325 1034 2367 existimat,
1054 2326 1254 2361 exhibente
1266 2353 1275 2370 ,
1295 2326 1520 2372 conjicitque

137 2394 352 2430 annularem
372 2390 486 2438 ipsius
514 2387 709 2423 Annibalis
738 2386 858 2421 fuisse.
883 2387 953 2421 Hic
979 2387 1098 2422 adhuc
1128 2387 1251 2421 omnia
1276 2399 1392 2434 graeca
1419 2393 1520 2430 sunt,

137 2464 172 2492 et
189 2455 342 2491 nomina
363 2460 399 2489 et
421 2452 554 2487 fahulae
572 2449 759 2497 mythicae,
781 2449 821 2483 id
844 2456 897 2484 est
915 2462 935 2483 a
954 2449 1089 2484 Graecis
1113 2450 1265 2485 inventa
1290 2462 1351 2485 seu
1373 2449 1519 2484 tradita.

139 2517 300 2554 Annibal
313 2515 424 2559 euim,
436 2525 551 2561 graece
561 2508 727 2547 Ἀννίζοις
737 2507 980 2555 νεΙἊννίζοιλ,
989 2523 1081 2558 puer
1088 2518 1264 2558 praestans
1284 2517 1423 2545 ceteros
1434 2523 1521 2557 pru—

139 2579 284 2623 dentia,
298 2577 447 2613 sortitus
467 2582 520 2610 est
533 2586 671 2609 nomen
686 2573 733 2609 ab
746 2570 892 2616 ἄνηζος,
907 2574 1093 2620 impubes,
1111 2586 1175 2608 sen
1195 2586 1214 2607 a
1234 2569 1323 2617 νήφει)
1334 2600 1344 2616 ,
1357 2572 1520 2619 prudens

141 2654 240 2685 sum,
260 2640 392 2688 vigilo,
412 2634 583 2682 νηφάλιος
604 2635 661 2670 vel
684 2634 879 2680 νηφάλεῡς,
900 2636 1007 2683 vigil,
1026 2635 1206 2682 prudens,
1227 2641 1262 2669 et
1282 2647 1330 2679 οι,
1352 2646 1430 2681 quae
1446 2632 1521 2666 vim
