<?xml version="1.0" encoding="UTF-8"?>
<!DOCTYPE html PUBLIC "-//W3C//DTD XHTML 1.0 Transitional//EN"
    "http://www.w3.org/TR/xhtml1/DTD/xhtml1-transitional.dtd">
<html xmlns="http://www.w3.org/1999/xhtml" xml:lang="en" lang="en">
 <head>
  <title>
</title>
<meta http-equiv="Content-Type" content="text/html;charset=utf-8" />
  <meta name='ocr-system' content='tesseract 3.04.00' />
  <meta name='ocr-capabilities' content='ocr_page ocr_carea ocr_par ocr_line ocrx_word'/>
</head>
<body>
  <div class='ocr_page' id='page_1' title='image "./operanepo00nepouoft_0202.png"; bbox 0 0 1859 3310; ppageno 0'>
   <div class='ocr_carea' id='block_1_1' title="bbox 321 178 1329 220">
    <p class='ocr_par' dir='ltr' id='par_1_1' title="bbox 321 178 1329 220">
     <span class='ocr_line' id='line_1_1' title="bbox 321 178 1329 220; baseline 0.003 -8"><span class='ocrx_word' id='word_1_1' title='bbox 321 178 386 220; x_wconf 60' lang='lat' dir='ltr'><strong>18.ss</strong></span> <span class='ocrx_word' id='word_1_2' title='bbox 667 182 871 216; x_wconf 81' lang='lat' dir='ltr'><strong>JOANNIS</strong></span> <span class='ocrx_word' id='word_1_3' title='bbox 902 181 1048 215; x_wconf 86' lang='lat' dir='ltr'><strong>HENR.</strong></span> <span class='ocrx_word' id='word_1_4' title='bbox 1075 181 1329 216; x_wconf 82' lang='lat' dir='ltr'><strong>SCHLEGEL</strong></span> 
     </span>
    </p>
   </div>
   <div class='ocr_carea' id='block_1_2' title="bbox 303 262 1686 2646">
    <p class='ocr_par' dir='ltr' id='par_1_2' title="bbox 305 262 1684 1166">
     <span class='ocr_line' id='line_1_2' title="bbox 312 262 1681 311; baseline 0.001 -15"><span class='ocrx_word' id='word_1_5' title='bbox 312 262 458 297; x_wconf 87' lang='lat' dir='ltr'><strong>videtur</strong></span> <span class='ocrx_word' id='word_1_6' title='bbox 479 263 677 310; x_wconf 69' lang='lat' dir='ltr'><strong>diligentiae</strong></span> <span class='ocrx_word' id='word_1_7' title='bbox 705 265 801 299; x_wconf 86' lang='lat' dir='ltr'><strong>illius</strong></span> <span class='ocrx_word' id='word_1_8' title='bbox 825 264 986 308; x_wconf 88' lang='lat' dir='ltr'><strong>librarii,</strong></span> <span class='ocrx_word' id='word_1_9' title='bbox 1017 264 1077 311; x_wconf 85' lang='lat' dir='ltr'><strong>qui</strong></span> <span class='ocrx_word' id='word_1_10' title='bbox 1104 264 1276 311; x_wconf 84' lang='lat' dir='ltr'>epistolas</span> <span class='ocrx_word' id='word_1_11' title='bbox 1299 263 1488 298; x_wconf 84' lang='lat' dir='ltr'><strong>Ciceronis</strong></span> <span class='ocrx_word' id='word_1_12' title='bbox 1510 263 1556 298; x_wconf 83' lang='lat' dir='ltr'><strong>ad</strong></span> <span class='ocrx_word' id='word_1_13' title='bbox 1582 264 1681 297; x_wconf 84' lang='lat' dir='ltr'><strong>Atti-</strong></span> 
     </span>
     <span class='ocr_line' id='line_1_3' title="bbox 310 324 1682 372; baseline 0.001 -15"><span class='ocrx_word' id='word_1_14' title='bbox 310 336 391 358; x_wconf 81' lang='lat' dir='ltr'><strong>cum</strong></span> <span class='ocrx_word' id='word_1_15' title='bbox 413 325 623 372; x_wconf 82' lang='lat' dir='ltr'>exscripsit,</span> <span class='ocrx_word' id='word_1_16' title='bbox 645 326 768 372; x_wconf 88' lang='lat' dir='ltr'><strong>eisquc</strong></span> <span class='ocrx_word' id='word_1_17' title='bbox 801 338 819 359; x_wconf 92' lang='lat' dir='ltr'><strong>e</strong></span> <span class='ocrx_word' id='word_1_18' title='bbox 847 325 920 359; x_wconf 80' lang='lat' dir='ltr'><strong>vita</strong></span> <span class='ocrx_word' id='word_1_19' title='bbox 950 326 1062 360; x_wconf 90' lang='lat' dir='ltr'><strong>Attici</strong></span> <span class='ocrx_word' id='word_1_20' title='bbox 1087 327 1210 361; x_wconf 87' lang='lat' dir='ltr'><strong>lumen</strong></span> <span class='ocrx_word' id='word_1_21' title='bbox 1233 325 1356 359; x_wconf 84' lang='lat' dir='ltr'><strong>afferri</strong></span> <span class='ocrx_word' id='word_1_22' title='bbox 1384 336 1492 371; x_wconf 89' lang='lat' dir='ltr'><strong>posse</strong></span> <span class='ocrx_word' id='word_1_23' title='bbox 1515 324 1682 359; x_wconf 88' lang='lat' dir='ltr'><strong>credidit.</strong></span> 
     </span>
     <span class='ocr_line' id='line_1_4' title="bbox 311 384 1682 432; baseline -0.001 -13"><span class='ocrx_word' id='word_1_24' title='bbox 311 384 401 419; x_wconf 90' lang='lat' dir='ltr'><strong>Inde</strong></span> <span class='ocrx_word' id='word_1_25' title='bbox 427 385 539 429; x_wconf 91' lang='lat' dir='ltr'><strong>forte,</strong></span> <span class='ocrx_word' id='word_1_26' title='bbox 563 398 674 432; x_wconf 88' lang='lat' dir='ltr'><strong>quum</strong></span> <span class='ocrx_word' id='word_1_27' title='bbox 696 386 874 432; x_wconf 85' lang='lat' dir='ltr'><strong>perierint</strong></span> <span class='ocrx_word' id='word_1_28' title='bbox 896 386 1045 432; x_wconf 76' lang='lat' dir='ltr'><strong>reliquae</strong></span> <span class='ocrx_word' id='word_1_29' title='bbox 1068 386 1150 421; x_wconf 83' lang='lat' dir='ltr'><strong>vitae</strong></span> <span class='ocrx_word' id='word_1_30' title='bbox 1172 387 1219 421; x_wconf 87' lang='lat' dir='ltr'><strong>ad</strong></span> <span class='ocrx_word' id='word_1_31' title='bbox 1242 386 1377 420; x_wconf 90' lang='lat' dir='ltr'><strong>librum</strong></span> <span class='ocrx_word' id='word_1_32' title='bbox 1399 385 1445 419; x_wconf 86' lang='lat' dir='ltr'><strong>de</strong></span> <span class='ocrx_word' id='word_1_33' title='bbox 1468 384 1556 419; x_wconf 91' lang='lat' dir='ltr'><strong>viris</strong></span> <span class='ocrx_word' id='word_1_34' title='bbox 1577 385 1682 419; x_wconf 82' lang='lat' dir='ltr'><strong>illus-</strong></span> 
     </span>
     <span class='ocr_line' id='line_1_5' title="bbox 311 445 1683 492; baseline 0 -13"><span class='ocrx_word' id='word_1_35' title='bbox 311 445 426 480; x_wconf 89' lang='lat' dir='ltr'><strong>tribus</strong></span> <span class='ocrx_word' id='word_1_36' title='bbox 444 447 686 492; x_wconf 62' lang='lat' dir='ltr'><strong>pertinentes),</strong></span> <span class='ocrx_word' id='word_1_37' title='bbox 706 446 784 480; x_wconf 73' lang='lat' dir='ltr'><strong>sola</strong></span> <span class='ocrx_word' id='word_1_38' title='bbox 803 446 877 479; x_wconf 73' lang='lat' dir='ltr'><strong>vita</strong></span> <span class='ocrx_word' id='word_1_39' title='bbox 897 446 1010 480; x_wconf 80' lang='lat' dir='ltr'><strong>Attici</strong></span> <span class='ocrx_word' id='word_1_40' title='bbox 1028 453 1168 481; x_wconf 88' lang='lat' dir='ltr'><strong>servata</strong></span> <span class='ocrx_word' id='word_1_41' title='bbox 1189 454 1252 481; x_wconf 80' lang='lat' dir='ltr'><strong>est.</strong></span> <span class='ocrx_word' id='word_1_42' title='bbox 1274 448 1389 481; x_wconf 83' lang='lat' dir='ltr'>Fuere</span> <span class='ocrx_word' id='word_1_43' title='bbox 1409 445 1470 492; x_wconf 85' lang='lat' dir='ltr'><strong>qui</strong></span> <span class='ocrx_word' id='word_1_44' title='bbox 1490 453 1683 492; x_wconf 83' lang='lat' dir='ltr'>negarent,</span> 
     </span>
     <span class='ocr_line' id='line_1_6' title="bbox 309 506 1681 553; baseline 0 -13"><span class='ocrx_word' id='word_1_45' title='bbox 309 507 459 553; x_wconf 85' lang='lat' dir='ltr'><strong>periisse</strong></span> <span class='ocrx_word' id='word_1_46' title='bbox 487 507 647 542; x_wconf 78' lang='lat' dir='ltr'><strong>Cornelii</strong></span> <span class='ocrx_word' id='word_1_47' title='bbox 664 519 755 553; x_wconf 89' lang='lat' dir='ltr'><strong>opus</strong></span> <span class='ocrx_word' id='word_1_48' title='bbox 777 507 824 540; x_wconf 76' lang='lat' dir='ltr'><strong>cle</strong></span> <span class='ocrx_word' id='word_1_49' title='bbox 847 507 938 541; x_wconf 78' lang='lat' dir='ltr'><strong>viris</strong></span> <span class='ocrx_word' id='word_1_50' title='bbox 958 507 1167 542; x_wconf 69' lang='lat' dir='ltr'><strong>illus-eribus.</strong></span> <span class='ocrx_word' id='word_1_51' title='bbox 1194 508 1357 542; x_wconf 82' lang='lat' dir='ltr'><strong>Relictus</strong></span> <span class='ocrx_word' id='word_1_52' title='bbox 1378 514 1430 542; x_wconf 90' lang='lat' dir='ltr'><strong>cst</strong></span> <span class='ocrx_word' id='word_1_53' title='bbox 1453 506 1550 541; x_wconf 85' lang='lat' dir='ltr'><strong>enim</strong></span> <span class='ocrx_word' id='word_1_54' title='bbox 1571 506 1681 541; x_wconf 83' lang='lat' dir='ltr'><strong>libel-</strong></span> 
     </span>
     <span class='ocr_line' id='line_1_7' title="bbox 309 566 1683 613; baseline 0 -12"><span class='ocrx_word' id='word_1_55' title='bbox 309 568 364 602; x_wconf 91' lang='lat' dir='ltr'><strong>lus</strong></span> <span class='ocrx_word' id='word_1_56' title='bbox 388 568 518 602; x_wconf 90' lang='lat' dir='ltr'><strong>eodem</strong></span> <span class='ocrx_word' id='word_1_57' title='bbox 543 566 695 601; x_wconf 87' lang='lat' dir='ltr'><strong>nomine</strong></span> <span class='ocrx_word' id='word_1_58' title='bbox 718 566 934 613; x_wconf 83' lang='lat' dir='ltr'><strong>insignitus,</strong></span> <span class='ocrx_word' id='word_1_59' title='bbox 959 574 993 602; x_wconf 86' lang='lat' dir='ltr'><strong>et</strong></span> <span class='ocrx_word' id='word_1_60' title='bbox 1016 580 1033 601; x_wconf 85' lang='lat' dir='ltr'><strong>a</strong></span> <span class='ocrx_word' id='word_1_61' title='bbox 1061 568 1170 602; x_wconf 84' lang='lat' dir='ltr'><strong>variis</strong></span> <span class='ocrx_word' id='word_1_62' title='bbox 1197 568 1401 603; x_wconf 72' lang='lat' dir='ltr'><strong>editoribus</strong></span> <span class='ocrx_word' id='word_1_63' title='bbox 1427 568 1593 602; x_wconf 80' lang='lat' dir='ltr'><strong>Cornelio</strong></span> <span class='ocrx_word' id='word_1_64' title='bbox 1615 567 1683 602; x_wconf 87' lang='lat' dir='ltr'><strong>ad-</strong></span> 
     </span>
     <span class='ocr_line' id='line_1_8' title="bbox 309 628 1684 675; baseline 0.001 -13"><span class='ocrx_word' id='word_1_65' title='bbox 309 629 476 675; x_wconf 88' lang='lat' dir='ltr'><strong>scriptus.</strong></span> <span class='ocrx_word' id='word_1_66' title='bbox 499 628 573 663; x_wconf 86' lang='lat' dir='ltr'><strong>Sed</strong></span> <span class='ocrx_word' id='word_1_67' title='bbox 602 628 708 663; x_wconf 89' lang='lat' dir='ltr'><strong>facile</strong></span> <span class='ocrx_word' id='word_1_68' title='bbox 735 628 912 675; x_wconf 87' lang='lat' dir='ltr'><strong>perspicit</strong></span> <span class='ocrx_word' id='word_1_69' title='bbox 939 628 1149 675; x_wconf 82' lang='lat' dir='ltr'><strong>intelligens</strong></span> <span class='ocrx_word' id='word_1_70' title='bbox 1181 630 1316 673; x_wconf 89' lang='lat' dir='ltr'><strong>lector,</strong></span> <span class='ocrx_word' id='word_1_71' title='bbox 1350 642 1427 663; x_wconf 90' lang='lat' dir='ltr'><strong>non</strong></span> <span class='ocrx_word' id='word_1_72' title='bbox 1455 641 1563 675; x_wconf 92' lang='lat' dir='ltr'><strong>posse</strong></span> <span class='ocrx_word' id='word_1_73' title='bbox 1586 629 1684 663; x_wconf 85' lang='lat' dir='ltr'><strong>hunc</strong></span> 
     </span>
     <span class='ocr_line' id='line_1_9' title="bbox 308 689 1683 736; baseline -0.001 -13"><span class='ocrx_word' id='word_1_74' title='bbox 308 689 475 723; x_wconf 90' lang='lat' dir='ltr'><strong>libellum</strong></span> <span class='ocrx_word' id='word_1_75' title='bbox 497 689 544 723; x_wconf 88' lang='lat' dir='ltr'><strong>ad</strong></span> <span class='ocrx_word' id='word_1_76' title='bbox 567 689 717 736; x_wconf 82' lang='lat' dir='ltr'><strong>Augusti</strong></span> <span class='ocrx_word' id='word_1_77' title='bbox 748 702 894 724; x_wconf 85' lang='lat' dir='ltr'><strong>auream</strong></span> <span class='ocrx_word' id='word_1_78' title='bbox 917 697 1059 723; x_wconf 79' lang='lat' dir='ltr'><strong>aetatem</strong></span> <span class='ocrx_word' id='word_1_79' title='bbox 1082 689 1229 733; x_wconf 89' lang='lat' dir='ltr'><strong>referri;</strong></span> <span class='ocrx_word' id='word_1_80' title='bbox 1253 696 1287 724; x_wconf 90' lang='lat' dir='ltr'><strong>et</strong></span> <span class='ocrx_word' id='word_1_81' title='bbox 1310 690 1431 733; x_wconf 89' lang='lat' dir='ltr'><strong>locus,</strong></span> <span class='ocrx_word' id='word_1_82' title='bbox 1454 702 1564 736; x_wconf 85' lang='lat' dir='ltr'><strong>quem</strong></span> <span class='ocrx_word' id='word_1_83' title='bbox 1596 690 1683 724; x_wconf 77' lang='lat' dir='ltr'><strong>Gel-</strong></span> 
     </span>
     <span class='ocr_line' id='line_1_10' title="bbox 309 750 1682 796; baseline 0 -13"><span class='ocrx_word' id='word_1_84' title='bbox 309 751 378 784; x_wconf 86' lang='lat' dir='ltr'><strong>lius</strong></span> <span class='ocrx_word' id='word_1_85' title='bbox 403 750 579 785; x_wconf 87' lang='lat' dir='ltr'><strong>Cornelio</strong></span> <span class='ocrx_word' id='word_1_86' title='bbox 606 763 644 785; x_wconf 87' lang='lat' dir='ltr'><strong>se</strong></span> <span class='ocrx_word' id='word_1_87' title='bbox 671 750 808 785; x_wconf 82' lang='lat' dir='ltr'><strong>debere</strong></span> <span class='ocrx_word' id='word_1_88' title='bbox 831 750 900 794; x_wconf 88' lang='lat' dir='ltr'><strong>ait,</strong></span> <span class='ocrx_word' id='word_1_89' title='bbox 923 750 961 785; x_wconf 91' lang='lat' dir='ltr'><strong>in</strong></span> <span class='ocrx_word' id='word_1_90' title='bbox 985 763 1029 785; x_wconf 90' lang='lat' dir='ltr'><strong>eo</strong></span> <span class='ocrx_word' id='word_1_91' title='bbox 1052 763 1129 785; x_wconf 88' lang='lat' dir='ltr'><strong>non</strong></span> <span class='ocrx_word' id='word_1_92' title='bbox 1154 750 1352 784; x_wconf 88' lang='lat' dir='ltr'><strong>invenitur.</strong></span> <span class='ocrx_word' id='word_1_93' title='bbox 1377 750 1572 785; x_wconf 75' lang='lat' dir='ltr'><strong>Praefixum</strong></span> <span class='ocrx_word' id='word_1_94' title='bbox 1598 750 1682 796; x_wconf 81' lang='lat' dir='ltr'><strong>qui-</strong></span> 
     </span>
     <span class='ocr_line' id='line_1_11' title="bbox 308 811 1684 856; baseline -0.001 -10"><span class='ocrx_word' id='word_1_95' title='bbox 308 811 390 846; x_wconf 86' lang='lat' dir='ltr'><strong>dem</strong></span> <span class='ocrx_word' id='word_1_96' title='bbox 415 818 468 846; x_wconf 87' lang='lat' dir='ltr'><strong>est</strong></span> <span class='ocrx_word' id='word_1_97' title='bbox 490 812 574 847; x_wconf 91' lang='lat' dir='ltr'><strong>huic</strong></span> <span class='ocrx_word' id='word_1_98' title='bbox 595 812 741 856; x_wconf 89' lang='lat' dir='ltr'><strong>libello,</strong></span> <span class='ocrx_word' id='word_1_99' title='bbox 765 812 803 846; x_wconf 89' lang='lat' dir='ltr'><strong>in</strong></span> <span class='ocrx_word' id='word_1_100' title='bbox 828 812 992 847; x_wconf 77' lang='lat' dir='ltr'><strong>editione</strong></span> <span class='ocrx_word' id='word_1_101' title='bbox 1016 811 1314 846; x_wconf 87' lang='lat' dir='ltr'><strong>Francofurtensi</strong></span> <span class='ocrx_word' id='word_1_102' title='bbox 1341 811 1427 845; x_wconf 86' lang='lat' dir='ltr'><strong>anni</strong></span> <span class='ocrx_word' id='word_1_103' title='bbox 1458 811 1574 853; x_wconf 84' lang='lat'><strong>1608,</strong></span> <span class='ocrx_word' id='word_1_104' title='bbox 1597 811 1684 845; x_wconf 81' lang='lat' dir='ltr'><strong>Cor-</strong></span> 
     </span>
     <span class='ocr_line' id='line_1_12' title="bbox 307 871 1682 920; baseline -0.001 -14"><span class='ocrx_word' id='word_1_105' title='bbox 307 873 398 907; x_wconf 74' lang='lat' dir='ltr'><strong>aelii</strong></span> <span class='ocrx_word' id='word_1_106' title='bbox 407 874 563 920; x_wconf 82' lang='lat' dir='ltr'><strong>Nepotis</strong></span> <span class='ocrx_word' id='word_1_107' title='bbox 582 886 742 917; x_wconf 73' lang='lat' dir='ltr'><strong>nomen,</strong></span> <span class='ocrx_word' id='word_1_108' title='bbox 761 873 825 908; x_wconf 88' lang='lat' dir='ltr'><strong>sed</strong></span> <span class='ocrx_word' id='word_1_109' title='bbox 845 873 882 907; x_wconf 90' lang='lat' dir='ltr'><strong>in</strong></span> <span class='ocrx_word' id='word_1_110' title='bbox 901 872 1118 920; x_wconf 85' lang='lat' dir='ltr'><strong>praefatione</strong></span> <span class='ocrx_word' id='word_1_111' title='bbox 1138 872 1300 907; x_wconf 87' lang='lat' dir='ltr'><strong>ostendit</strong></span> <span class='ocrx_word' id='word_1_112' title='bbox 1323 872 1492 906; x_wconf 79' lang='lat' dir='ltr'><strong>Andreas</strong></span> <span class='ocrx_word' id='word_1_113' title='bbox 1504 871 1682 913; x_wconf 70' lang='lat' dir='ltr'><strong>schottus,</strong></span> 
     </span>
     <span class='ocr_line' id='line_1_13' title="bbox 307 933 1684 982; baseline -0.001 -14"><span class='ocrx_word' id='word_1_114' title='bbox 307 934 429 969; x_wconf 91' lang='lat' dir='ltr'><strong>multis</strong></span> <span class='ocrx_word' id='word_1_115' title='bbox 448 935 653 982; x_wconf 82' lang='lat' dir='ltr'><strong>lucidisque</strong></span> <span class='ocrx_word' id='word_1_116' title='bbox 672 934 912 982; x_wconf 84' lang='lat' dir='ltr'><strong>argumentis,</strong></span> <span class='ocrx_word' id='word_1_117' title='bbox 934 935 1032 968; x_wconf 89' lang='lat' dir='ltr'><strong>hunc</strong></span> <span class='ocrx_word' id='word_1_118' title='bbox 1055 933 1100 969; x_wconf 82' lang='lat' dir='ltr'><strong>de</strong></span> <span class='ocrx_word' id='word_1_119' title='bbox 1126 933 1214 968; x_wconf 88' lang='lat' dir='ltr'><strong>viris</strong></span> <span class='ocrx_word' id='word_1_120' title='bbox 1236 933 1437 967; x_wconf 87' lang='lat' dir='ltr'><strong>illustribus</strong></span> <span class='ocrx_word' id='word_1_121' title='bbox 1460 933 1595 967; x_wconf 90' lang='lat' dir='ltr'><strong>librum</strong></span> <span class='ocrx_word' id='word_1_122' title='bbox 1617 945 1684 966; x_wconf 86' lang='lat' dir='ltr'><strong>ne-</strong></span> 
     </span>
     <span class='ocr_line' id='line_1_14' title="bbox 307 994 1684 1043; baseline -0.002 -13"><span class='ocrx_word' id='word_1_123' title='bbox 307 1008 377 1042; x_wconf 90' lang='lat' dir='ltr'><strong>que</strong></span> <span class='ocrx_word' id='word_1_124' title='bbox 404 996 588 1040; x_wconf 78' lang='lat' dir='ltr'><strong>Cornelio,</strong></span> <span class='ocrx_word' id='word_1_125' title='bbox 615 1009 735 1043; x_wconf 88' lang='lat' dir='ltr'><strong>neque</strong></span> <span class='ocrx_word' id='word_1_126' title='bbox 765 996 910 1039; x_wconf 75' lang='lat' dir='ltr'><strong>Plinio,</strong></span> <span class='ocrx_word' id='word_1_127' title='bbox 941 1007 1062 1043; x_wconf 87' lang='lat' dir='ltr'><strong>neque</strong></span> <span class='ocrx_word' id='word_1_128' title='bbox 1094 995 1262 1029; x_wconf 78' lang='lat' dir='ltr'><strong>Suetonio</strong></span> <span class='ocrx_word' id='word_1_129' title='bbox 1285 994 1570 1029; x_wconf 82' lang='lat' dir='ltr'><strong>adscribendum</strong></span> <span class='ocrx_word' id='word_1_130' title='bbox 1595 1006 1684 1028; x_wconf 70' lang='lat' dir='ltr'><strong>esse.</strong></span> 
     </span>
     <span class='ocr_line' id='line_1_15' title="bbox 306 1055 1683 1093; baseline -0.001 -2"><span class='ocrx_word' id='word_1_131' title='bbox 306 1058 412 1092; x_wconf 90' lang='lat' dir='ltr'><strong>Nunc</strong></span> <span class='ocrx_word' id='word_1_132' title='bbox 437 1057 624 1092; x_wconf 87' lang='lat' dir='ltr'><strong>communi</strong></span> <span class='ocrx_word' id='word_1_133' title='bbox 651 1058 726 1093; x_wconf 70' lang='lat' dir='ltr'><strong>fere</strong></span> <span class='ocrx_word' id='word_1_134' title='bbox 750 1058 980 1093; x_wconf 86' lang='lat' dir='ltr'><strong>eruditorum</strong></span> <span class='ocrx_word' id='word_1_135' title='bbox 1004 1069 1185 1092; x_wconf 88' lang='lat' dir='ltr'><strong>consensu</strong></span> <span class='ocrx_word' id='word_1_136' title='bbox 1211 1056 1365 1091; x_wconf 77' lang='lat' dir='ltr'><strong>Aurelio</strong></span> <span class='ocrx_word' id='word_1_137' title='bbox 1392 1057 1428 1089; x_wconf 90' lang='lat' dir='ltr'><em>V</em></span> <span class='ocrx_word' id='word_1_138' title='bbox 1425 1056 1529 1091; x_wconf 74' lang='lat' dir='ltr'><strong>iecori</strong></span> <span class='ocrx_word' id='word_1_139' title='bbox 1548 1055 1683 1090; x_wconf 87' lang='lat' dir='ltr'><strong>tribui—</strong></span> 
     </span>
     <span class='ocr_line' id='line_1_16' title="bbox 305 1117 1344 1166; baseline -0.001 -12"><span class='ocrx_word' id='word_1_140' title='bbox 305 1124 383 1163; x_wconf 85' lang='lat' dir='ltr'><strong>tur,</strong></span> <span class='ocrx_word' id='word_1_141' title='bbox 407 1119 470 1166; x_wconf 88' lang='lat' dir='ltr'><strong>qui</strong></span> <span class='ocrx_word' id='word_1_142' title='bbox 494 1120 562 1154; x_wconf 91' lang='lat' dir='ltr'><strong>sub</strong></span> <span class='ocrx_word' id='word_1_143' title='bbox 585 1119 733 1154; x_wconf 79' lang='lat' dir='ltr'><strong>Juliano</strong></span> <span class='ocrx_word' id='word_1_144' title='bbox 759 1119 852 1154; x_wconf 86' lang='lat' dir='ltr'><strong>vixit</strong></span> <span class='ocrx_word' id='word_1_145' title='bbox 876 1131 989 1166; x_wconf 85' lang='lat' dir='ltr'><strong>usque</strong></span> <span class='ocrx_word' id='word_1_146' title='bbox 1011 1119 1059 1153; x_wconf 88' lang='lat' dir='ltr'><strong>ad</strong></span> <span class='ocrx_word' id='word_1_147' title='bbox 1079 1117 1344 1153; x_wconf 87' lang='lat' dir='ltr'><strong>Theodosium.</strong></span> 
     </span>
    </p>

    <p class='ocr_par' dir='ltr' id='par_1_3' title="bbox 306 1178 1684 1350">
     <span class='ocr_line' id='line_1_17' title="bbox 359 1178 1684 1227; baseline -0.003 -11"><span class='ocrx_word' id='word_1_148' title='bbox 359 1180 563 1216; x_wconf 80' lang='lat' dir='ltr'><strong>Cornelium</strong></span> <span class='ocrx_word' id='word_1_149' title='bbox 592 1181 638 1216; x_wconf 89' lang='lat' dir='ltr'><strong>de</strong></span> <span class='ocrx_word' id='word_1_150' title='bbox 672 1181 843 1216; x_wconf 82' lang='lat' dir='ltr'><strong>Cicerone</strong></span> <span class='ocrx_word' id='word_1_151' title='bbox 870 1181 1050 1227; x_wconf 80' lang='lat' dir='ltr'><strong>singulari</strong></span> <span class='ocrx_word' id='word_1_152' title='bbox 1071 1179 1194 1215; x_wconf 91' lang='lat' dir='ltr'><strong>studio</strong></span> <span class='ocrx_word' id='word_1_153' title='bbox 1217 1180 1340 1226; x_wconf 90' lang='lat' dir='ltr'><strong>plures</strong></span> <span class='ocrx_word' id='word_1_154' title='bbox 1364 1178 1613 1226; x_wconf 89' lang='lat' dir='ltr'><strong>composuisse</strong></span> <span class='ocrx_word' id='word_1_155' title='bbox 1635 1179 1684 1212; x_wconf 92' lang='lat' dir='ltr'><strong>li-</strong></span> 
     </span>
     <span class='ocr_line' id='line_1_18' title="bbox 306 1239 1683 1287; baseline -0.002 -10"><span class='ocrx_word' id='word_1_156' title='bbox 306 1244 410 1287; x_wconf 91' lang='lat' dir='ltr'><strong>bros,</strong></span> <span class='ocrx_word' id='word_1_157' title='bbox 436 1243 578 1278; x_wconf 82' lang='lat' dir='ltr'><strong>Gellius</strong></span> <span class='ocrx_word' id='word_1_158' title='bbox 605 1242 738 1277; x_wconf 89' lang='lat' dir='ltr'><strong>iterum</strong></span> <span class='ocrx_word' id='word_1_159' title='bbox 765 1242 865 1277; x_wconf 88' lang='lat' dir='ltr'><strong>testis</strong></span> <span class='ocrx_word' id='word_1_160' title='bbox 894 1250 964 1287; x_wconf 89' lang='lat' dir='ltr'><strong>est,</strong></span> <span class='ocrx_word' id='word_1_161' title='bbox 993 1241 1128 1277; x_wconf 91' lang='lat' dir='ltr'><strong>erroris</strong></span> <span class='ocrx_word' id='word_1_162' title='bbox 1155 1247 1279 1275; x_wconf 86' lang='lat' dir='ltr'><strong>tamen</strong></span> <span class='ocrx_word' id='word_1_163' title='bbox 1307 1253 1390 1276; x_wconf 92' lang='lat' dir='ltr'><strong>eum</strong></span> <span class='ocrx_word' id='word_1_164' title='bbox 1420 1252 1592 1275; x_wconf 88' lang='lat' dir='ltr'><strong>accusans</strong></span> <span class='ocrx_word' id='word_1_165' title='bbox 1618 1239 1683 1274; x_wconf 86' lang='lat' dir='ltr'><strong>ad—</strong></span> 
     </span>
     <span class='ocr_line' id='line_1_19' title="bbox 307 1302 1364 1350; baseline -0.001 -13"><span class='ocrx_word' id='word_1_166' title='bbox 307 1303 407 1338; x_wconf 91' lang='lat' dir='ltr'><strong>missi</strong></span> <span class='ocrx_word' id='word_1_167' title='bbox 431 1303 469 1337; x_wconf 93' lang='lat' dir='ltr'><strong>in</strong></span> <span class='ocrx_word' id='word_1_168' title='bbox 495 1310 598 1338; x_wconf 84' lang='lat' dir='ltr'><strong>aetate</strong></span> <span class='ocrx_word' id='word_1_169' title='bbox 617 1303 805 1339; x_wconf 83' lang='lat' dir='ltr'><strong>Ciceronis</strong></span> <span class='ocrx_word' id='word_1_170' title='bbox 825 1303 1094 1350; x_wconf 80' lang='lat' dir='ltr'><strong>computanda,</strong></span> <span class='ocrx_word' id='word_1_171' title='bbox 1115 1303 1138 1337; x_wconf 91' lang='grc'><strong>1.</strong></span> <span class='ocrx_word' id='word_1_172' title='bbox 1162 1315 1226 1346; x_wconf 76' lang='lat' dir='ltr'><strong>xV,</strong></span> <span class='ocrx_word' id='word_1_173' title='bbox 1252 1315 1282 1336; x_wconf 87' lang='lat' dir='ltr'><strong>c.</strong></span> <span class='ocrx_word' id='word_1_174' title='bbox 1305 1302 1364 1337; x_wconf 88' lang='lat'><strong>28.</strong></span> 
     </span>
    </p>

    <p class='ocr_par' dir='ltr' id='par_1_4' title="bbox 303 1362 1686 2646">
     <span class='ocr_line' id='line_1_20' title="bbox 361 1362 1684 1411; baseline -0.003 -11"><span class='ocrx_word' id='word_1_175' title='bbox 361 1365 570 1400; x_wconf 83' lang='lat' dir='ltr'><strong>Cornelium</strong></span> <span class='ocrx_word' id='word_1_176' title='bbox 582 1365 697 1399; x_wconf 83' lang='lat' dir='ltr'><strong>multa</strong></span> <span class='ocrx_word' id='word_1_177' title='bbox 711 1364 923 1408; x_wconf 84' lang='lat' dir='ltr'><strong>tradidisse,</strong></span> <span class='ocrx_word' id='word_1_178' title='bbox 940 1377 1020 1411; x_wconf 86' lang='lat' dir='ltr'><strong>quae</strong></span> <span class='ocrx_word' id='word_1_179' title='bbox 1031 1363 1078 1399; x_wconf 89' lang='lat' dir='ltr'><strong>ad</strong></span> <span class='ocrx_word' id='word_1_180' title='bbox 1089 1362 1378 1410; x_wconf 90' lang='lat' dir='ltr'><strong>descriptionem</strong></span> <span class='ocrx_word' id='word_1_181' title='bbox 1393 1362 1494 1397; x_wconf 88' lang='lat' dir='ltr'><strong>orbis</strong></span> <span class='ocrx_word' id='word_1_182' title='bbox 1506 1369 1684 1398; x_wconf 89' lang='lat' dir='ltr'><strong>terrarum</strong></span> 
     </span>
     <span class='ocr_line' id='line_1_21' title="bbox 306 1424 1685 1473; baseline -0.001 -13"><span class='ocrx_word' id='word_1_183' title='bbox 306 1433 491 1473; x_wconf 88' lang='lat' dir='ltr'><strong>spectant,</strong></span> <span class='ocrx_word' id='word_1_184' title='bbox 514 1426 687 1461; x_wconf 90' lang='lat' dir='ltr'><strong>discimus</strong></span> <span class='ocrx_word' id='word_1_185' title='bbox 712 1439 731 1461; x_wconf 90' lang='lat' dir='ltr'><strong>e</strong></span> <span class='ocrx_word' id='word_1_186' title='bbox 756 1427 874 1461; x_wconf 80' lang='lat' dir='ltr'><strong>Plinii</strong></span> <span class='ocrx_word' id='word_1_187' title='bbox 893 1426 1061 1461; x_wconf 79' lang='lat' dir='ltr'><strong>Historia</strong></span> <span class='ocrx_word' id='word_1_188' title='bbox 1086 1425 1275 1460; x_wconf 78' lang='lat' dir='ltr'><strong>Naturali.</strong></span> <span class='ocrx_word' id='word_1_189' title='bbox 1300 1424 1466 1460; x_wconf 86' lang='lat' dir='ltr'><strong>Subinde</strong></span> <span class='ocrx_word' id='word_1_190' title='bbox 1493 1424 1624 1459; x_wconf 89' lang='lat' dir='ltr'><strong>citatur</strong></span> <span class='ocrx_word' id='word_1_191' title='bbox 1647 1424 1685 1458; x_wconf 88' lang='lat' dir='ltr'><strong>in</strong></span> 
     </span>
     <span class='ocr_line' id='line_1_22' title="bbox 305 1486 1686 1536; baseline -0.001 -13"><span class='ocrx_word' id='word_1_192' title='bbox 305 1489 376 1523; x_wconf 88' lang='lat' dir='ltr'><strong>hoc</strong></span> <span class='ocrx_word' id='word_1_193' title='bbox 403 1501 517 1535; x_wconf 88' lang='lat' dir='ltr'><strong>opere</strong></span> <span class='ocrx_word' id='word_1_194' title='bbox 542 1490 668 1535; x_wconf 82' lang='lat' dir='ltr'><strong>Nepos</strong></span> <span class='ocrx_word' id='word_1_195' title='bbox 699 1495 873 1536; x_wconf 87' lang='lat' dir='ltr'><strong>tanquam</strong></span> <span class='ocrx_word' id='word_1_196' title='bbox 903 1488 1063 1535; x_wconf 88' lang='lat' dir='ltr'><strong>scriptor</strong></span> <span class='ocrx_word' id='word_1_197' title='bbox 1093 1487 1167 1522; x_wconf 89' lang='lat' dir='ltr'><strong>fide</strong></span> <span class='ocrx_word' id='word_1_198' title='bbox 1197 1487 1350 1533; x_wconf 82' lang='lat' dir='ltr'><strong>dignus,</strong></span> <span class='ocrx_word' id='word_1_199' title='bbox 1376 1486 1440 1522; x_wconf 90' lang='lat' dir='ltr'><strong>sed</strong></span> <span class='ocrx_word' id='word_1_200' title='bbox 1465 1486 1686 1534; x_wconf 89' lang='lat' dir='ltr'><strong>quibusdam</strong></span> 
     </span>
     <span class='ocr_line' id='line_1_23' title="bbox 305 1548 1685 1598; baseline -0.001 -15"><span class='ocrx_word' id='word_1_201' title='bbox 305 1549 341 1583; x_wconf 91' lang='lat' dir='ltr'><strong>in</strong></span> <span class='ocrx_word' id='word_1_202' title='bbox 366 1549 456 1584; x_wconf 91' lang='lat' dir='ltr'><strong>locis</strong></span> <span class='ocrx_word' id='word_1_203' title='bbox 480 1550 594 1585; x_wconf 82' lang='lat' dir='ltr'><strong>nimia</strong></span> <span class='ocrx_word' id='word_1_204' title='bbox 616 1550 650 1585; x_wconf 84' lang='lat' dir='ltr'><strong>ei</strong></span> <span class='ocrx_word' id='word_1_205' title='bbox 673 1550 921 1598; x_wconf 85' lang='lat' dir='ltr'><strong>exprobratur</strong></span> <span class='ocrx_word' id='word_1_206' title='bbox 946 1549 1154 1585; x_wconf 89' lang='lat' dir='ltr'><strong>credulitas.</strong></span> <span class='ocrx_word' id='word_1_207' title='bbox 1172 1549 1317 1583; x_wconf 79' lang='lat' dir='ltr'><strong>Plinius</strong></span> <span class='ocrx_word' id='word_1_208' title='bbox 1340 1548 1424 1583; x_wconf 90' lang='lat' dir='ltr'><strong>satis</strong></span> <span class='ocrx_word' id='word_1_209' title='bbox 1447 1548 1588 1583; x_wconf 88' lang='lat' dir='ltr'><strong>hahens</strong></span> <span class='ocrx_word' id='word_1_210' title='bbox 1610 1561 1685 1583; x_wconf 91' lang='lat' dir='ltr'><strong>no-</strong></span> 
     </span>
     <span class='ocr_line' id='line_1_24' title="bbox 305 1609 1684 1659; baseline 0 -15"><span class='ocrx_word' id='word_1_211' title='bbox 305 1611 461 1646; x_wconf 83' lang='lat' dir='ltr'><strong>minasse</strong></span> <span class='ocrx_word' id='word_1_212' title='bbox 492 1618 679 1647; x_wconf 89' lang='lat' dir='ltr'><strong>auctorem</strong></span> <span class='ocrx_word' id='word_1_213' title='bbox 711 1612 893 1646; x_wconf 90' lang='lat' dir='ltr'><strong>librorum</strong></span> <span class='ocrx_word' id='word_1_214' title='bbox 919 1611 966 1646; x_wconf 86' lang='lat' dir='ltr'><strong>ad</strong></span> <span class='ocrx_word' id='word_1_215' title='bbox 989 1624 1081 1659; x_wconf 89' lang='lat' dir='ltr'><strong>quos</strong></span> <span class='ocrx_word' id='word_1_216' title='bbox 1110 1617 1341 1658; x_wconf 79' lang='lat' dir='ltr'><strong>respexerat,</strong></span> <span class='ocrx_word' id='word_1_217' title='bbox 1373 1609 1498 1644; x_wconf 91' lang='lat' dir='ltr'><strong>titulos</strong></span> <span class='ocrx_word' id='word_1_218' title='bbox 1527 1616 1684 1657; x_wconf 85' lang='lat' dir='ltr'><strong>praeter—</strong></span> 
     </span>
     <span class='ocr_line' id='line_1_25' title="bbox 303 1671 1686 1718; baseline -0.001 -12"><span class='ocrx_word' id='word_1_219' title='bbox 303 1672 427 1707; x_wconf 90' lang='lat' dir='ltr'><strong>mittit.</strong></span> <span class='ocrx_word' id='word_1_220' title='bbox 456 1673 542 1708; x_wconf 88' lang='lat' dir='ltr'><strong>Pari</strong></span> <span class='ocrx_word' id='word_1_221' title='bbox 568 1673 703 1717; x_wconf 86' lang='lat' dir='ltr'><strong>modo,</strong></span> <span class='ocrx_word' id='word_1_222' title='bbox 728 1673 833 1708; x_wconf 88' lang='lat' dir='ltr'><strong>libris</strong></span> <span class='ocrx_word' id='word_1_223' title='bbox 866 1686 943 1708; x_wconf 90' lang='lat' dir='ltr'><strong>non</strong></span> <span class='ocrx_word' id='word_1_224' title='bbox 981 1672 1197 1717; x_wconf 89' lang='lat' dir='ltr'><strong>nominatis,</strong></span> <span class='ocrx_word' id='word_1_225' title='bbox 1232 1672 1270 1706; x_wconf 91' lang='lat' dir='ltr'><strong>in</strong></span> <span class='ocrx_word' id='word_1_226' title='bbox 1305 1671 1395 1707; x_wconf 85' lang='lat' dir='ltr'><strong>locis</strong></span> <span class='ocrx_word' id='word_1_227' title='bbox 1426 1671 1686 1718; x_wconf 83' lang='lat' dir='ltr'><strong>geographicis</strong></span> 
     </span>
     <span class='ocr_line' id='line_1_26' title="bbox 305 1732 1683 1779; baseline -0.001 -10"><span class='ocrx_word' id='word_1_228' title='bbox 305 1734 470 1769; x_wconf 89' lang='lat' dir='ltr'><strong>Cornelii</strong></span> <span class='ocrx_word' id='word_1_229' title='bbox 494 1734 724 1770; x_wconf 80' lang='lat' dir='ltr'><strong>mentionem</strong></span> <span class='ocrx_word' id='word_1_230' title='bbox 751 1735 888 1769; x_wconf 80' lang='lat' dir='ltr'><strong>faciunt</strong></span> <span class='ocrx_word' id='word_1_231' title='bbox 912 1736 1012 1769; x_wconf 89' lang='lat' dir='ltr'><strong>Mela</strong></span> <span class='ocrx_word' id='word_1_232' title='bbox 1037 1742 1072 1769; x_wconf 86' lang='lat' dir='ltr'><strong>et</strong></span> <span class='ocrx_word' id='word_1_233' title='bbox 1094 1734 1254 1769; x_wconf 87' lang='lat' dir='ltr'><strong>Solinus.</strong></span> <span class='ocrx_word' id='word_1_234' title='bbox 1281 1732 1447 1769; x_wconf 85' lang='lat' dir='ltr'><strong>Definire</strong></span> <span class='ocrx_word' id='word_1_235' title='bbox 1474 1732 1596 1779; x_wconf 79' lang='lat' dir='ltr'><strong>itaque</strong></span> <span class='ocrx_word' id='word_1_236' title='bbox 1622 1732 1683 1768; x_wconf 81' lang='lat' dir='ltr'><strong>vix</strong></span> 
     </span>
     <span class='ocr_line' id='line_1_27' title="bbox 304 1794 1685 1844; baseline -0.002 -13"><span class='ocrx_word' id='word_1_237' title='bbox 304 1796 443 1840; x_wconf 88' lang='lat' dir='ltr'><strong>audeo,</strong></span> <span class='ocrx_word' id='word_1_238' title='bbox 467 1804 589 1832; x_wconf 91' lang='lat' dir='ltr'><strong>utrum</strong></span> <span class='ocrx_word' id='word_1_239' title='bbox 613 1797 807 1833; x_wconf 87' lang='lat' dir='ltr'><strong>Cornelius</strong></span> <span class='ocrx_word' id='word_1_240' title='bbox 828 1797 1014 1844; x_wconf 84' lang='lat' dir='ltr'><strong>singulare</strong></span> <span class='ocrx_word' id='word_1_241' title='bbox 1037 1797 1084 1831; x_wconf 87' lang='lat' dir='ltr'><strong>de</strong></span> <span class='ocrx_word' id='word_1_242' title='bbox 1107 1795 1350 1843; x_wconf 77' lang='lat' dir='ltr'><strong>Geograpliia</strong></span> <span class='ocrx_word' id='word_1_243' title='bbox 1376 1808 1469 1843; x_wconf 88' lang='lat' dir='ltr'><strong>opus</strong></span> <span class='ocrx_word' id='word_1_244' title='bbox 1494 1794 1685 1841; x_wconf 90' lang='lat' dir='ltr'><strong>conscrip—</strong></span> 
     </span>
     <span class='ocr_line' id='line_1_28' title="bbox 303 1855 1686 1906; baseline -0.002 -13"><span class='ocrx_word' id='word_1_245' title='bbox 303 1858 408 1903; x_wconf 85' lang='lat' dir='ltr'><strong>serit,</strong></span> <span class='ocrx_word' id='word_1_246' title='bbox 430 1871 478 1893; x_wconf 87' lang='lat' dir='ltr'><strong>an</strong></span> <span class='ocrx_word' id='word_1_247' title='bbox 501 1860 619 1894; x_wconf 89' lang='lat' dir='ltr'><strong>solum</strong></span> <span class='ocrx_word' id='word_1_248' title='bbox 639 1859 783 1906; x_wconf 87' lang='lat' dir='ltr'><strong>scriptis</strong></span> <span class='ocrx_word' id='word_1_249' title='bbox 802 1858 874 1893; x_wconf 88' lang='lat' dir='ltr'><strong>suis</strong></span> <span class='ocrx_word' id='word_1_250' title='bbox 892 1858 1094 1902; x_wconf 85' lang='lat' dir='ltr'><strong>historicis,</strong></span> <span class='ocrx_word' id='word_1_251' title='bbox 1113 1857 1308 1893; x_wconf 85' lang='lat' dir='ltr'><strong>occasione</strong></span> <span class='ocrx_word' id='word_1_252' title='bbox 1332 1857 1434 1901; x_wconf 85' lang='lat' dir='ltr'><strong>data,</strong></span> <span class='ocrx_word' id='word_1_253' title='bbox 1453 1864 1492 1892; x_wconf 89' lang='lat' dir='ltr'><strong>ut</strong></span> <span class='ocrx_word' id='word_1_254' title='bbox 1511 1855 1686 1892; x_wconf 88' lang='lat' dir='ltr'><strong>Historici</strong></span> 
     </span>
     <span class='ocr_line' id='line_1_29' title="bbox 305 1919 1686 1966; baseline -0.001 -12"><span class='ocrx_word' id='word_1_255' title='bbox 305 1920 492 1956; x_wconf 89' lang='lat' dir='ltr'><strong>interdum</strong></span> <span class='ocrx_word' id='word_1_256' title='bbox 524 1921 643 1956; x_wconf 86' lang='lat' dir='ltr'><strong>facere</strong></span> <span class='ocrx_word' id='word_1_257' title='bbox 669 1928 705 1955; x_wconf 88' lang='lat' dir='ltr'><strong>et</strong></span> <span class='ocrx_word' id='word_1_258' title='bbox 736 1921 857 1955; x_wconf 85' lang='lat' dir='ltr'><strong>solent</strong></span> <span class='ocrx_word' id='word_1_259' title='bbox 883 1927 918 1955; x_wconf 90' lang='lat' dir='ltr'><strong>et</strong></span> <span class='ocrx_word' id='word_1_260' title='bbox 946 1920 1106 1965; x_wconf 87' lang='lat' dir='ltr'><strong>debent,</strong></span> <span class='ocrx_word' id='word_1_261' title='bbox 1133 1919 1318 1966; x_wconf 81' lang='lat' dir='ltr'><strong>quaedam,</strong></span> <span class='ocrx_word' id='word_1_262' title='bbox 1340 1932 1419 1966; x_wconf 82' lang='lat' dir='ltr'><strong>quae</strong></span> <span class='ocrx_word' id='word_1_263' title='bbox 1447 1919 1494 1953; x_wconf 88' lang='lat' dir='ltr'><strong>ad</strong></span> <span class='ocrx_word' id='word_1_264' title='bbox 1524 1930 1686 1965; x_wconf 71' lang='lat' dir='ltr'><strong>geogra-</strong></span> 
     </span>
     <span class='ocr_line' id='line_1_30' title="bbox 306 1979 1686 2030; baseline -0.002 -14"><span class='ocrx_word' id='word_1_265' title='bbox 306 1982 432 2028; x_wconf 88' lang='lat' dir='ltr'><strong>phiam</strong></span> <span class='ocrx_word' id='word_1_266' title='bbox 461 1982 668 2030; x_wconf 86' lang='lat' dir='ltr'><strong>pertinent,</strong></span> <span class='ocrx_word' id='word_1_267' title='bbox 694 1981 920 2030; x_wconf 83' lang='lat' dir='ltr'><strong>insperserit.</strong></span> <span class='ocrx_word' id='word_1_268' title='bbox 949 1981 1057 2025; x_wconf 91' lang='lat' dir='ltr'><strong>Loci,</strong></span> <span class='ocrx_word' id='word_1_269' title='bbox 1082 1981 1120 2015; x_wconf 89' lang='lat' dir='ltr'><strong>iu</strong></span> <span class='ocrx_word' id='word_1_270' title='bbox 1148 1980 1280 2028; x_wconf 87' lang='lat' dir='ltr'><strong>quibus</strong></span> <span class='ocrx_word' id='word_1_271' title='bbox 1306 1980 1428 2015; x_wconf 82' lang='lat' dir='ltr'><strong>nimiae</strong></span> <span class='ocrx_word' id='word_1_272' title='bbox 1459 1979 1686 2015; x_wconf 83' lang='lat' dir='ltr'><strong>credulitatis</strong></span> 
     </span>
     <span class='ocr_line' id='line_1_31' title="bbox 305 2040 1686 2090; baseline -0.004 -11"><span class='ocrx_word' id='word_1_273' title='bbox 305 2044 490 2090; x_wconf 83' lang='lat' dir='ltr'><strong>arguitur,</strong></span> <span class='ocrx_word' id='word_1_274' title='bbox 512 2043 596 2079; x_wconf 80' lang='lat' dir='ltr'><strong>sunt</strong></span> <span class='ocrx_word' id='word_1_275' title='bbox 611 2044 719 2079; x_wconf 89' lang='lat' dir='ltr'><strong>Plinii</strong></span> <span class='ocrx_word' id='word_1_276' title='bbox 733 2044 824 2078; x_wconf 84' lang='lat' dir='ltr'><strong>Hist.</strong></span> <span class='ocrx_word' id='word_1_277' title='bbox 844 2045 946 2087; x_wconf 82' lang='lat' dir='ltr'><strong>Nat.,</strong></span> <span class='ocrx_word' id='word_1_278' title='bbox 967 2044 1082 2086; x_wconf 81' lang='lat' dir='ltr'><strong>l.111,</strong></span> <span class='ocrx_word' id='word_1_279' title='bbox 1101 2055 1131 2077; x_wconf 92' lang='lat' dir='ltr'><strong>c.</strong></span> <span class='ocrx_word' id='word_1_280' title='bbox 1159 2041 1202 2077; x_wconf 85' lang='lat'><strong>18</strong></span> <span class='ocrx_word' id='word_1_281' title='bbox 1228 2049 1263 2076; x_wconf 88' lang='lat' dir='ltr'><strong>et</strong></span> <span class='ocrx_word' id='word_1_282' title='bbox 1285 2043 1308 2077; x_wconf 88' lang='lat' dir='ltr'><strong>l.</strong></span> <span class='ocrx_word' id='word_1_283' title='bbox 1329 2055 1364 2085; x_wconf 86' lang='lat' dir='ltr'><strong>v,</strong></span> <span class='ocrx_word' id='word_1_284' title='bbox 1385 2055 1415 2076; x_wconf 87' lang='lat' dir='ltr'><strong>c.</strong></span> <span class='ocrx_word' id='word_1_285' title='bbox 1447 2054 1475 2075; x_wconf 89' lang='lat'><strong>1.</strong></span> <span class='ocrx_word' id='word_1_286' title='bbox 1499 2042 1541 2076; x_wconf 88' lang='lat' dir='ltr'><strong>In</strong></span> <span class='ocrx_word' id='word_1_287' title='bbox 1560 2040 1686 2088; x_wconf 85' lang='lat' dir='ltr'><strong>priore</strong></span> 
     </span>
     <span class='ocr_line' id='line_1_32' title="bbox 305 2102 1686 2152; baseline -0.004 -12"><span class='ocrx_word' id='word_1_288' title='bbox 305 2107 389 2141; x_wconf 90' lang='lat' dir='ltr'><strong>loco</strong></span> <span class='ocrx_word' id='word_1_289' title='bbox 425 2106 618 2141; x_wconf 87' lang='lat' dir='ltr'><strong>Cornelius</strong></span> <span class='ocrx_word' id='word_1_290' title='bbox 650 2107 774 2151; x_wconf 86' lang='lat' dir='ltr'><strong>Nepos</strong></span> <span class='ocrx_word' id='word_1_291' title='bbox 804 2104 1111 2152; x_wconf 80' lang='lat' dir='ltr'><strong>reprehenditur,</strong></span> <span class='ocrx_word' id='word_1_292' title='bbox 1140 2104 1241 2150; x_wconf 86' lang='lat' dir='ltr'><strong>quod</strong></span> <span class='ocrx_word' id='word_1_293' title='bbox 1273 2116 1349 2137; x_wconf 90' lang='lat' dir='ltr'><strong>non</strong></span> <span class='ocrx_word' id='word_1_294' title='bbox 1382 2102 1581 2145; x_wconf 89' lang='lat' dir='ltr'><strong>dubitarit,</strong></span> <span class='ocrx_word' id='word_1_295' title='bbox 1609 2102 1686 2148; x_wconf 86' lang='lat' dir='ltr'><strong>ipse</strong></span> 
     </span>
     <span class='ocr_line' id='line_1_33' title="bbox 304 2164 1685 2211; baseline -0.003 -9"><span class='ocrx_word' id='word_1_296' title='bbox 304 2167 397 2202; x_wconf 84' lang='lat' dir='ltr'><strong>Padi</strong></span> <span class='ocrx_word' id='word_1_297' title='bbox 421 2168 565 2211; x_wconf 82' lang='lat' dir='ltr'><strong>accola,</strong></span> <span class='ocrx_word' id='word_1_298' title='bbox 591 2180 653 2202; x_wconf 87' lang='lat' dir='ltr'><strong>sua</strong></span> <span class='ocrx_word' id='word_1_299' title='bbox 672 2165 745 2202; x_wconf 87' lang='lat' dir='ltr'><strong>fide</strong></span> <span class='ocrx_word' id='word_1_300' title='bbox 765 2165 912 2201; x_wconf 86' lang='lat' dir='ltr'><strong>firmare</strong></span> <span class='ocrx_word' id='word_1_301' title='bbox 939 2172 1189 2200; x_wconf 83' lang='lat' dir='ltr'><strong>commentum</strong></span> <span class='ocrx_word' id='word_1_302' title='bbox 1215 2164 1307 2200; x_wconf 92' lang='lat' dir='ltr'><strong>illud</strong></span> <span class='ocrx_word' id='word_1_303' title='bbox 1331 2165 1377 2198; x_wconf 87' lang='lat' dir='ltr'><strong>de</strong></span> <span class='ocrx_word' id='word_1_304' title='bbox 1398 2166 1494 2199; x_wconf 91' lang='lat' dir='ltr'><strong>Istro</strong></span> <span class='ocrx_word' id='word_1_305' title='bbox 1523 2164 1685 2211; x_wconf 80' lang='lat' dir='ltr'><strong>quodam</strong></span> 
     </span>
     <span class='ocr_line' id='line_1_34' title="bbox 305 2224 1685 2275; baseline -0.001 -13"><span class='ocrx_word' id='word_1_306' title='bbox 305 2226 476 2272; x_wconf 90' lang='lat' dir='ltr'><strong>flumine,</strong></span> <span class='ocrx_word' id='word_1_307' title='bbox 505 2229 607 2275; x_wconf 86' lang='lat' dir='ltr'><strong>quod</strong></span> <span class='ocrx_word' id='word_1_308' title='bbox 634 2241 654 2264; x_wconf 90' lang='lat' dir='ltr'><strong>e</strong></span> <span class='ocrx_word' id='word_1_309' title='bbox 685 2227 859 2263; x_wconf 87' lang='lat' dir='ltr'><strong>Danubio</strong></span> <span class='ocrx_word' id='word_1_310' title='bbox 890 2228 928 2262; x_wconf 92' lang='lat' dir='ltr'><strong>in</strong></span> <span class='ocrx_word' id='word_1_311' title='bbox 957 2227 1112 2262; x_wconf 84' lang='lat' dir='ltr'><strong>Adriam</strong></span> <span class='ocrx_word' id='word_1_312' title='bbox 1146 2224 1297 2261; x_wconf 89' lang='lat' dir='ltr'><strong>effluere</strong></span> <span class='ocrx_word' id='word_1_313' title='bbox 1327 2226 1613 2273; x_wconf 85' lang='lat' dir='ltr'><strong>perhibebatur,</strong></span> <span class='ocrx_word' id='word_1_314' title='bbox 1641 2237 1685 2260; x_wconf 81' lang='lat' dir='ltr'><strong>ex</strong></span> 
     </span>
     <span class='ocr_line' id='line_1_35' title="bbox 305 2287 1681 2336; baseline -0.001 -12"><span class='ocrx_word' id='word_1_315' title='bbox 305 2290 462 2325; x_wconf 87' lang='lat' dir='ltr'><strong>adverso</strong></span> <span class='ocrx_word' id='word_1_316' title='bbox 487 2290 577 2324; x_wconf 86' lang='lat' dir='ltr'><strong>Padi</strong></span> <span class='ocrx_word' id='word_1_317' title='bbox 601 2290 732 2325; x_wconf 83' lang='lat' dir='ltr'><strong>fauces.</strong></span> <span class='ocrx_word' id='word_1_318' title='bbox 753 2291 797 2324; x_wconf 91' lang='lat' dir='ltr'><strong>In</strong></span> <span class='ocrx_word' id='word_1_319' title='bbox 822 2289 984 2324; x_wconf 87' lang='lat' dir='ltr'><strong>secundo</strong></span> <span class='ocrx_word' id='word_1_320' title='bbox 1011 2289 1114 2333; x_wconf 87' lang='lat' dir='ltr'><strong>loco,</strong></span> <span class='ocrx_word' id='word_1_321' title='bbox 1137 2288 1198 2336; x_wconf 87' lang='lat' dir='ltr'><strong>qui</strong></span> <span class='ocrx_word' id='word_1_322' title='bbox 1226 2288 1487 2323; x_wconf 76' lang='lat' dir='ltr'><strong>Mauritaniam</strong></span> <span class='ocrx_word' id='word_1_323' title='bbox 1512 2287 1681 2335; x_wconf 86' lang='lat' dir='ltr'><strong>Tingita-</strong></span> 
     </span>
     <span class='ocr_line' id='line_1_36' title="bbox 306 2349 1684 2398; baseline -0.001 -13"><span class='ocrx_word' id='word_1_324' title='bbox 306 2364 391 2385; x_wconf 80' lang='lat' dir='ltr'><strong>nam</strong></span> <span class='ocrx_word' id='word_1_325' title='bbox 416 2352 619 2398; x_wconf 85' lang='lat' dir='ltr'><strong>urbemque</strong></span> <span class='ocrx_word' id='word_1_326' title='bbox 644 2359 679 2386; x_wconf 89' lang='lat' dir='ltr'><strong>et</strong></span> <span class='ocrx_word' id='word_1_327' title='bbox 709 2364 856 2386; x_wconf 87' lang='lat' dir='ltr'><strong>amnem</strong></span> <span class='ocrx_word' id='word_1_328' title='bbox 881 2351 993 2386; x_wconf 87' lang='lat' dir='ltr'><strong>Lixos</strong></span> <span class='ocrx_word' id='word_1_329' title='bbox 1018 2350 1166 2394; x_wconf 81' lang='lat' dir='ltr'><strong>attinet,</strong></span> <span class='ocrx_word' id='word_1_330' title='bbox 1191 2350 1337 2397; x_wconf 79' lang='lat' dir='ltr'><strong>gravius</strong></span> <span class='ocrx_word' id='word_1_331' title='bbox 1366 2362 1385 2384; x_wconf 86' lang='lat' dir='ltr'><strong>a</strong></span> <span class='ocrx_word' id='word_1_332' title='bbox 1415 2350 1535 2384; x_wconf 81' lang='lat' dir='ltr'><strong>Plinio</strong></span> <span class='ocrx_word' id='word_1_333' title='bbox 1563 2349 1684 2384; x_wconf 89' lang='lat' dir='ltr'><strong>incre-</strong></span> 
     </span>
     <span class='ocr_line' id='line_1_37' title="bbox 305 2409 1683 2459; baseline -0.001 -13"><span class='ocrx_word' id='word_1_334' title='bbox 305 2419 412 2458; x_wconf 89' lang='lat' dir='ltr'><strong>patur</strong></span> <span class='ocrx_word' id='word_1_335' title='bbox 426 2413 572 2448; x_wconf 87' lang='lat' dir='ltr'><strong>Noster.</strong></span> <span class='ocrx_word' id='word_1_336' title='bbox 596 2413 683 2447; x_wconf 78' lang='lat' dir='ltr'><strong>Haec</strong></span> <span class='ocrx_word' id='word_1_337' title='bbox 708 2412 806 2447; x_wconf 90' lang='lat' dir='ltr'><strong>enim</strong></span> <span class='ocrx_word' id='word_1_338' title='bbox 828 2419 911 2447; x_wconf 90' lang='lat' dir='ltr'><strong>sunt</strong></span> <span class='ocrx_word' id='word_1_339' title='bbox 933 2412 1046 2447; x_wconf 83' lang='lat' dir='ltr'><strong>verba</strong></span> <span class='ocrx_word' id='word_1_340' title='bbox 1072 2425 1080 2445; x_wconf 73' lang='grc' dir='ltr'>ε</span> <span class='ocrx_word' id='word_1_341' title='bbox 1106 2429 1120 2442; x_wconf 87' lang='lat'>«</span> <span class='ocrx_word' id='word_1_342' title='bbox 1141 2413 1269 2446; x_wconf 83' lang='lat' dir='ltr'><strong>Exstat</strong></span> <span class='ocrx_word' id='word_1_343' title='bbox 1291 2411 1328 2446; x_wconf 87' lang='lat' dir='ltr'><strong>in</strong></span> <span class='ocrx_word' id='word_1_344' title='bbox 1356 2424 1397 2446; x_wconf 86' lang='lat' dir='ltr'><strong>ea</strong></span> <span class='ocrx_word' id='word_1_345' title='bbox 1420 2410 1528 2459; x_wconf 80' lang='lat' dir='ltr'><strong>(Lixo</strong></span> <span class='ocrx_word' id='word_1_346' title='bbox 1552 2409 1683 2459; x_wconf 78' lang='lat' dir='ltr'><strong>insula)</strong></span> 
     </span>
     <span class='ocr_line' id='line_1_38' title="bbox 305 2473 1683 2521; baseline -0.002 -13"><span class='ocrx_word' id='word_1_347' title='bbox 305 2485 367 2508; x_wconf 85' lang='lat' dir='ltr'><strong>ara</strong></span> <span class='ocrx_word' id='word_1_348' title='bbox 393 2474 579 2517; x_wconf 89' lang='lat' dir='ltr'><strong>Herculis,</strong></span> <span class='ocrx_word' id='word_1_349' title='bbox 609 2487 675 2509; x_wconf 88' lang='lat' dir='ltr'><strong>nec</strong></span> <span class='ocrx_word' id='word_1_350' title='bbox 700 2481 831 2521; x_wconf 81' lang='lat' dir='ltr'><strong>praeter</strong></span> <span class='ocrx_word' id='word_1_351' title='bbox 857 2475 1035 2509; x_wconf 83' lang='lat' dir='ltr'><strong>oleastros</strong></span> <span class='ocrx_word' id='word_1_352' title='bbox 1063 2474 1161 2510; x_wconf 89' lang='lat' dir='ltr'><strong>aliud</strong></span> <span class='ocrx_word' id='word_1_353' title='bbox 1188 2487 1231 2509; x_wconf 85' lang='lat' dir='ltr'><strong>cx</strong></span> <span class='ocrx_word' id='word_1_354' title='bbox 1256 2481 1406 2509; x_wconf 86' lang='lat' dir='ltr'><strong>narrato</strong></span> <span class='ocrx_word' id='word_1_355' title='bbox 1432 2474 1497 2508; x_wconf 91' lang='lat' dir='ltr'><strong>illo</strong></span> <span class='ocrx_word' id='word_1_356' title='bbox 1524 2473 1683 2508; x_wconf 76' lang='lat' dir='ltr'><strong>aurifero</strong></span> 
     </span>
     <span class='ocr_line' id='line_1_39' title="bbox 306 2534 1684 2583; baseline 0.001 -15"><span class='ocrx_word' id='word_1_357' title='bbox 306 2547 469 2570; x_wconf 86' lang='lat' dir='ltr'><strong>nemore.</strong></span> <span class='ocrx_word' id='word_1_358' title='bbox 495 2536 619 2571; x_wconf 87' lang='lat' dir='ltr'><strong>Minus</strong></span> <span class='ocrx_word' id='word_1_359' title='bbox 646 2536 814 2583; x_wconf 86' lang='lat' dir='ltr'><strong>profecto</strong></span> <span class='ocrx_word' id='word_1_360' title='bbox 846 2536 1026 2571; x_wconf 86' lang='lat' dir='ltr'><strong>mirentur</strong></span> <span class='ocrx_word' id='word_1_361' title='bbox 1051 2543 1268 2583; x_wconf 88' lang='lat' dir='ltr'><strong>portentosa</strong></span> <span class='ocrx_word' id='word_1_362' title='bbox 1295 2536 1443 2571; x_wconf 80' lang='lat' dir='ltr'><strong>Graeciae</strong></span> <span class='ocrx_word' id='word_1_363' title='bbox 1472 2534 1684 2578; x_wconf 76' lang='lat' dir='ltr'><strong>mendacia,</strong></span> 
     </span>
     <span class='ocr_line' id='line_1_40' title="bbox 308 2596 1683 2646; baseline 0.002 -17"><span class='ocrx_word' id='word_1_364' title='bbox 308 2596 351 2630; x_wconf 73' lang='lat' dir='ltr'><strong>tle</strong></span> <span class='ocrx_word' id='word_1_365' title='bbox 379 2596 421 2629; x_wconf 80' lang='lat' dir='ltr'><strong>iis</strong></span> <span class='ocrx_word' id='word_1_366' title='bbox 448 2604 482 2631; x_wconf 89' lang='lat' dir='ltr'><strong>et</strong></span> <span class='ocrx_word' id='word_1_367' title='bbox 510 2610 616 2632; x_wconf 75' lang='lat' dir='ltr'><strong>amne</strong></span> <span class='ocrx_word' id='word_1_368' title='bbox 641 2597 736 2632; x_wconf 82' lang='lat' dir='ltr'><strong>Lixo</strong></span> <span class='ocrx_word' id='word_1_369' title='bbox 762 2598 929 2645; x_wconf 85' lang='lat' dir='ltr'><strong>prodita,</strong></span> <span class='ocrx_word' id='word_1_370' title='bbox 956 2599 1017 2646; x_wconf 86' lang='lat' dir='ltr'><strong>qui</strong></span> <span class='ocrx_word' id='word_1_371' title='bbox 1049 2598 1229 2645; x_wconf 81' lang='lat' dir='ltr'><strong>cogitent,</strong></span> <span class='ocrx_word' id='word_1_372' title='bbox 1257 2605 1402 2633; x_wconf 81' lang='lat' dir='ltr'><strong>nostros</strong></span> <span class='ocrx_word' id='word_1_373' title='bbox 1431 2610 1549 2646; x_wconf 82' lang='lat' dir='ltr'><strong>nuper</strong></span> <span class='ocrx_word' id='word_1_374' title='bbox 1574 2598 1683 2645; x_wconf 86' lang='lat' dir='ltr'><strong>paulo</strong></span> 
     </span>
    </p>
   </div>
  </div>
 </body>
</html>
