1859 3310
520 213 573 246 IN
603 211 751 247 VITAS
781 209 988 244 EXCELL.
1021 209 1180 243 IMPER.
1464 210 1533 254 237

168 295 363 331 mentibus.
387 297 486 330 Duas
510 307 656 342 quoque
678 304 858 340 gemmas,
883 292 922 326 in
949 291 1084 338 quibus
1114 290 1305 326 Annibalis
1325 291 1429 339 pueri
1454 292 1537 327 effi-

168 355 246 403 gies
268 363 405 400 exstet,
424 356 549 391 laudat
570 355 688 390 Faber
701 353 739 387 in
766 351 1052 387 Commentario.

486 462 533 490 IN
568 461 618 488 Μ.
655 459 809 488 PORClI
846 459 1035 488 CATONIS
1072 459 1229 489 VITAM.

223 553 305 588 CAP.
326 553 354 586 Ι.
381 550 480 585 Cato.
509 550 544 583 A
562 560 653 583 voce
673 557 794 591 catus,
819 548 890 582 hoc
914 554 967 581 est
996 556 1140 590 cautus,
1166 548 1338 592 callidus,
1365 547 1545 595 prudens,

171 620 211 649 ut
235 620 340 648 catus
360 612 420 646 vel
441 610 531 645 felis.
566 610 658 644 Vide
679 612 792 644 PLUT.
807 636 816 653 ,
843 609 881 643 iu
904 608 980 654 ejus
1008 609 1105 651 vita,
1127 622 1157 644 c.
1175 622 1202 644 1.

234 674 398 708 Tusculo.
424 672 504 706 Val.
528 671 728 714 Maximus,
752 683 805 704 111
820 697 830 714 ,
850 675 869 712 4
891 683 899 704 :
924 685 939 701 α
954 671 1005 704 Μ.
1025 671 1174 705 Porcius
1193 671 1300 715 Cato,
1323 671 1386 718 qui
1408 684 1545 706 nomen

173 746 281 769 suum
294 732 445 769 Tusculi
459 732 627 779 ignobile
639 759 648 776 ,
663 732 792 766 Romae
805 731 1078 765 nobilissimum
1090 731 1263 766 reddidit.
1281 747 1295 762 υ
1309 732 1436 767 Gentis
1449 732 1546 767 enim

173 807 312 830 nomen
333 806 353 829 a
367 806 508 842 porcus
531 793 701 827 derivant
719 793 832 836 Plut.,
854 793 890 826 in
920 793 1002 826 Val.
1024 793 1184 835 Publia,
1210 805 1241 826 11
1258 820 1267 836 ,
1289 800 1324 827 et
1343 794 1482 838 Varro,
1501 794 1548 827 de

174 857 228 890 Re
248 856 406 898 rustica,
438 867 492 898 11,
523 866 578 888 10.
608 854 818 896 Tusculum,
840 853 927 887 urbs
952 853 1041 887 olim
1061 853 1158 887 Latii
1180 854 1351 898 celebris,
1371 866 1450 900 quae
1468 867 1548 888 mu-

173 915 352 963 nicipium
377 914 460 959 fuit,
488 914 528 949 id
551 921 603 949 est
625 927 692 949 suo
712 914 796 960 jure
820 920 855 948 et
876 914 1019 960 legibus
1041 921 1162 958 utens,
1182 914 1230 949 ad
1250 927 1404 949 munera
1426 921 1548 949 tamen

175 978 307 1024 populi
334 976 481 1012 romani
502 983 612 1023 atque
638 976 803 1010 honores
830 975 999 1010 admissa.

227 1038 273 1073 In
273 1037 439 1085 foroque
458 1049 537 1072 esse
558 1038 679 1084 coepit.
701 1037 745 1072 Id
759 1043 832 1081 est,
846 1048 972 1071 causas
992 1048 1100 1083 agere
1119 1035 1239 1082 coepit.
1260 1035 1347 1081 Ejus
1366 1036 1552 1071 orationes

176 1099 365 1134 Ciceronis
396 1105 499 1133 aetate
531 1098 746 1133 ferebantur
779 1097 937 1144 amplius
964 1109 1019 1131 CL.
1053 1097 1144 1131 Vide
1176 1096 1216 1131 in
1251 1098 1384 1141 Bruto,
1403 1110 1431 1132 c.
1452 1110 1552 1132 xvu.

177 1162 387 1196 Tzscnucx.

230 1223 315 1257 Cn.
341 1221 409 1256 ΙΙΙ.
430 1221 609 1268 Agricola
634 1226 760 1258 solers.
792 1220 940 1265 Livius,
971 1232 1092 1255 xxxn(
1117 1233 1124 1254 :
1155 1235 1170 1252 «
1204 1220 1393 1263 Urbanas,
1416 1218 1557 1266 inquit,

176 1284 405 1330 rusticasque
426 1294 484 1316 res
507 1282 653 1330 pariter
677 1282 850 1316 callebat.
873 1298 887 1312 »
914 1282 1019 1317 Idem
1040 1282 1088 1316 de
1116 1281 1235 1316 Rebus
1257 1281 1399 1316 rusticis
1421 1280 1556 1315 librum

180 1345 308 1380 edidit.
335 1346 512 1379 Pmmus.
541 1342 646 1377 Adde
666 1343 843 1387 Plinium,
862 1343 927 1377 lib.
951 1355 1048 1377 xvn.
1069 1343 1224 1377 Exstant
1249 1342 1368 1377 adhuc
1392 1341 1469 1388 ejus
1491 1341 1561 1376 Rei

179 1407 326 1440 rusticoe
354 1405 454 1447 libri,
485 1416 576 1451 quos
599 1416 618 1439 e
642 1404 768 1451 graecis
787 1404 953 1439 fontibus
975 1403 1219 1451 deprompsit.

238 1466 459 1502 Probabilis.
481 1466 527 1500 Id
548 1473 619 1510 est,
643 1465 707 1512 qui
725 1465 928 1512 probatur,
951 1465 1159 1500 laudabilis.
1175 1481 1189 1496 «
1207 1465 1315 1508 Cato,
1334 1463 1384 1498 ait
1401 1462 1540 1499 Plinius
1552 1490 1561 1507 ,

182 1529 248 1566 lib.
268 1541 348 1572 vn,
367 1540 397 1562 c.
420 1539 465 1572 27
479 1554 489 1572 ‚
507 1534 581 1562 tres
605 1540 762 1562 summas
788 1527 827 1561 in
852 1527 1005 1562 homine
1030 1539 1087 1561 res
1109 1526 1319 1573 praestitisse
1337 1524 1562 1560 existimatus

184 1597 256 1635 est,
275 1589 436 1637 optimus
457 1596 602 1633 orator,
621 1588 782 1635 optimus
805 1588 1025 1635 imperator,
1049 1587 1212 1635 optimus
1235 1594 1393 1622 senator.
1412 1602 1427 1618 »

237 1653 294 1687 De
316 1652 479 1695 Catone,
502 1651 734 1694 Plutarchus,
752 1649 895 1695 Livius,
908 1650 990 1684 Val.
1010 1649 1210 1690 Maximus,
1229 1648 1451 1692 Frontinus,
1474 1648 1564 1682 Rol-

187 1714 260 1758 lin,
294 1712 331 1746 V
329 1719 422 1747 ertot
430 1739 441 1755 ,
465 1719 531 1747 etc.
559 1712 819 1747 Characterem
844 1711 959 1746 animi
983 1711 1097 1746 habes
1119 1710 1217 1757 apud
1236 1710 1405 1754 Livium,
1427 1721 1566 1753 xxxi>(,

189 1780 259 1819 403
283 1772 444 1821 effigiem
467 1786 486 1809 e
505 1785 648 1820 gemma
677 1772 847 1807 annulari
871 1772 968 1807 inter
994 1772 1178 1819 Imagines
1201 1771 1395 1806 illustrium
1422 1770 1566 1813 Ursini,

189 1837 294 1884 isque
328 1835 487 1870 similem
510 1835 550 1869 in
580 1835 757 1870 corneola
787 1834 936 1878 habuit,
962 1840 1053 1868 teste
1083 1833 1142 1868 Jo.
1176 1833 1316 1877 Fabro,
1342 1845 1441 1867 num.
1475 1831 1567 1875 116,

191 1898 254 1946 qui
279 1904 315 1933 et
340 1898 485 1932 Hermae
508 1896 564 1931 illi
596 1896 708 1931 dicati
734 1895 921 1939 meminit,
945 1895 1009 1929 sed
1037 1894 1156 1941 capite
1184 1894 1362 1938 truncati,
1384 1906 1465 1928 cum
1486 1892 1567 1927 ins—

191 1958 398 2007 criptione:
418 1960 470 1994 M.
490 1958 714 1993 PORCIVS.
738 1958 790 1991 M.
815 1957 853 1991 F.
870 1957 1011 1991 CATO.
1034 1955 1327 2000 CENSORIVS3
1347 1953 1570 2001 conjicitquc

193 2033 274 2056 eam
310 2020 428 2067 ipsam
453 2032 549 2063 esse,
580 2031 689 2066 quam
721 2017 936 2053 Plutarchus
967 2017 1095 2052 scribit
1120 2016 1155 2052 ei
1178 2017 1217 2051 in
1241 2017 1381 2064 templo
1406 2015 1570 2051 sanitatis

194 2081 401 2118 dedicatam
420 2080 542 2116 fuisse.
556 2081 621 2115 Est
640 2087 676 2115 et
697 2079 796 2126 apud
815 2091 896 2121 me,
916 2078 967 2113 ait
985 2078 1116 2113 Bosius
1127 2105 1136 2122 ,
1156 2090 1326 2112 nummus
1344 2077 1476 2113 mediae
1494 2089 1572 2111 ma-

195 2142 420 2191 gnitudinis,
455 2141 740 2189 pulcherrimus,
775 2140 840 2175 sed
872 2139 1108 2184 recentioris,
1132 2147 1171 2174 ut
1200 2139 1383 2183 arbitror,
1412 2137 1499 2181 aevi‚
1532 2137 1570 2172 in

198 2216 274 2251 quo
301 2210 411 2250 caput
436 2202 663 2249 conspicitur
697 2200 849 2236 Catonis
887 2200 1104 2244 barbatum,
1138 2200 1195 2235 his
1231 2200 1366 2235 circum
1406 2198 1536 2234 litteris
1563 2211 1570 2232 :

198 2266 249 2299 M.
272 2264 493 2300 PORCIVS.
517 2263 656 2298 CATO.
684 2262 908 2305 CENSOR.;
935 2261 974 2295 in
1007 2274 1134 2296 aversa
1158 2268 1261 2308 parte
1291 2261 1453 2302 ROMA,
1480 2271 1571 2305 spo-

199 2325 257 2361 liis
278 2325 463 2369 insidens,
485 2331 521 2359 et
549 2324 679 2359 dextra
701 2322 907 2365 bilancem‚
923 2321 1070 2357 sinistra
1095 2334 1212 2356 cornu
1237 2321 1352 2368 copiae
1370 2327 1513 2355 tenens.

506 2432 554 2460 IN
590 2432 628 2459 T.
660 2429 887 2458 POMPONII
925 2427 1075 2456 ATTICI
1112 2428 1266 2456 VITAM.

253 2523 336 2558 CAP.
356 2524 384 2558 Ι.
407 2522 625 2569 Equestrem
643 2518 798 2553 obtinuit
813 2518 1039 2565 dignitatem.
1065 2516 1254 2563 Equestris
1282 2517 1376 2553 ordo
1400 2517 1574 2565 patricios

202 2585 298 2620 inter
312 2591 347 2620 et
359 2583 527 2631 plebeios
546 2581 688 2617 medius
708 2587 796 2615 erat.
811 2578 928 2624 Hujus
948 2578 1137 2625 dignitatis
1156 2578 1314 2625 insignia
1336 2586 1440 2614 erant
1460 2591 1575 2626 equus

203 2645 350 2694 publice
376 2645 503 2687 datus,
526 2650 561 2678 et
583 2643 739 2678 annulus
758 2652 896 2675 aureus.
