1859 3310
325 201 369 242 74
773 198 998 234 CORNELII
1026 198 1228 233 NEPOTIS

328 279 418 323 dias
437 275 646 323 dixerant.
679 279 760 324 Sed
789 279 915 340 elegit
942 295 1122 339 corpore
1149 288 1192 321 et
1226 287 1388 322 statura
1410 277 1674 324 simillimum

324 357 410 413 sui,
432 357 556 418 eique
587 359 788 401 vestitum
813 374 938 400 suum
966 356 1102 412 dedit,
1131 366 1259 416 atque
1283 372 1333 399 eo
1360 355 1455 399 loco
1483 357 1563 411 ire,
1591 373 1678 417 quo

325 437 414 496 ipse
450 445 746 490 consueverat,
780 436 907 494 jussit
931 452 940 478 :
965 436 1053 495 ipse
1082 445 1226 478 autem
1251 444 1404 479 ornatu
1434 436 1678 494 vestituque

325 513 499 557 militari
523 514 635 556 inter
656 514 849 572 corporis
875 513 1072 557 custodes
1097 514 1178 557 iter
1201 513 1339 557 facere
1362 514 1504 574 coepit.
1534 515 1592 557 At
1615 514 1679 556 in-

326 593 565 646 sidiatores,
592 602 820 652 postquam
848 593 892 636 in
917 609 1014 636 eum
1036 592 1180 637 locum
1205 610 1359 655 agmen
1374 595 1590 654 pervenit,
1610 592 1680 637 de-

326 673 436 730 cepti
461 671 612 713 ordine
636 680 766 730 atque
793 672 970 724 vestitu,
995 673 1039 715 in
1065 689 1163 716 eum
1182 672 1343 716 faciunt
1363 672 1679 733 impetum‚qui

323 749 567 809 suppositus
607 758 710 793 crat.
749 750 1011 794 Praedixerat
1049 761 1193 794 autem
1226 751 1291 794 his
1323 754 1544 806 Datames,
1580 767 1677 795 eum

323 828 477 887 quibus
500 828 579 870 iter
602 827 801 883 faciebat,
824 838 870 872 ut
897 831 1035 889 parati
1060 838 1199 873 essent
1226 829 1383 883 facere,
1400 830 1516 890 quod
1539 831 1679 889 ipsum

322 905 541 949 vidissent.
566 908 688 965 Ipse,
713 917 760 950 ut
788 918 1094 952 concurrentes
1122 907 1393 952 insidiatores
1415 908 1683 952 animadver-

322 986 390 1038 tit,
414 983 498 1028 tela
522 985 568 1027 in
591 1002 662 1029 eos
693 986 889 1046 conjecit.
915 989 1008 1030 Hoc
1037 987 1151 1031 idem
1176 1003 1311 1047 quum
1342 988 1532 1031 universi
1559 987 1681 1031 fecis-

321 1073 432 1119 sent,
456 1064 708 1123 priusquam
733 1066 1009 1125 pervenirent
1032 1065 1086 1109 ad
1109 1082 1227 1121 eum,
1247 1082 1375 1126 quem
1402 1065 1580 1127 aggredi
1607 1082 1680 1109 vo·

322 1140 489 1198 lebant,
513 1143 670 1186 confixi
697 1143 957 1188 ceciderunt.

386 1224 441 1265 X.
468 1222 548 1265 Hic
569 1231 714 1265 tamen
745 1232 832 1265 tam
863 1221 1041 1266 callidus
1067 1224 1134 1266 vir
1155 1233 1345 1267 extremo
1365 1233 1558 1284 tempore
1581 1240 1682 1285 cap·

324 1309 391 1344 tus
414 1310 478 1344 est
505 1300 796 1353 Mithridatis,
823 1301 1127 1345 Ariobarzanis
1149 1301 1250 1359 filii,
1277 1301 1388 1346 dolo.
1423 1304 1621 1363 Namque
1650 1304 1684 1346 is

322 1378 539 1440 pollicitus
561 1389 625 1423 est
649 1381 758 1441 regi,
782 1397 825 1424 se
851 1397 950 1424 eum
977 1381 1332 1438 interfecturum,
1363 1382 1397 1425 si
1424 1382 1462 1425 ei
1484 1398 1559 1425 rex
1588 1398 1685 1442 per-

324 1459 540 1513 mitteret,
568 1468 636 1511 ut,
659 1459 950 1520 quodcunque
972 1459 1121 1515 vellet,
1150 1459 1299 1504 liceret
1324 1461 1500 1520 impune
1525 1460 1685 1516 facere,

323 1536 536 1598 fidemque
555 1538 606 1582 de
621 1555 670 1582 ea
689 1555 755 1594 re,
774 1555 894 1582 more
909 1541 1157 1595 Persarum,
1178 1538 1328 1582 dextra
1352 1539 1548 1583 dedisset.
1564 1542 1687 1583 Hanc

322 1625 371 1658 ut
393 1618 555 1676 recepit
575 1634 597 1660 a
627 1634 728 1678 rege
746 1618 937 1674 missam,
958 1619 1103 1678 copias
1133 1628 1276 1678 parat,
1299 1627 1340 1662 et
1367 1619 1518 1661 absens
1542 1619 1687 1661 amici-

323 1695 426 1737 tiam
449 1711 546 1738 cum
575 1698 759 1740 Datame
783 1696 901 1751 facit,
930 1698 1043 1758 regis
1071 1698 1318 1757 provincias
1345 1707 1490 1753 vexat,
1515 1695 1687 1741 castella

322 1786 568 1835 expugnat,
606 1791 784 1835 magnas
819 1776 983 1836 praedas
1011 1778 1156 1837 capit:
1183 1792 1367 1836 quarum
1404 1786 1571 1836 partem
1603 1776 1688 1819 suis

321 1852 538 1913 dispertit,
572 1863 738 1913 partem
768 1854 822 1897 ad
849 1857 1079 1898 Datamem
1114 1855 1271 1909 mittit3
1292 1856 1387 1915 pari
1415 1854 1544 1899 modo
1572 1871 1689 1898 com-

324 1931 448 1992 plura
462 1931 636 1976 castella
661 1934 697 1975 ei
723 1933 865 1976 tradit.
886 1936 986 1977 Haec
1005 1933 1078 1977 diu
1101 1933 1299 1977 faciendo
1323 1935 1533 1994 persuasit
1550 1934 1687 1978 homi-

323 2011 388 2064 ni,
416 2027 458 2054 se
475 2011 693 2054 infin-itum
709 2012 911 2056 adversus
927 2029 1071 2073 regem
1092 2014 1326 2074 suscepisse
1349 2012 1510 2056 bellum
1527 2029 1685 2073 :quum

325 2089 461 2133 nihilo
483 2091 640 2150 magis,
664 2107 718 2133 ne
741 2107 870 2150 quam
892 2093 1182 2151 suspicionem
1202 2091 1264 2135 illi
1287 2093 1496 2152 praeberet
1519 2092 1688 2135 insidia-

324 2185 437 2223 rum,
469 2186 609 2229 neque
643 2169 908 2230 colloquium
932 2171 1020 2230 ejus
1044 2171 1214 2231 petivit,
1238 2188 1377 2231 neque
1405 2172 1449 2214 in
1479 2187 1686 2232 conspec-

323 2258 412 2293 tum
445 2250 596 2292 venire
629 2248 805 2292 studuit.
842 2251 911 2292 Sic
945 2250 1095 2293 absens
1134 2251 1369 2293 amicitiam
1402 2251 1600 2310 gerebat,
1640 2258 1687 2293 ut

328 2344 417 2371 non
440 2327 657 2371 beneficiis
679 2329 862 2383 mutuis,
889 2328 962 2372 sed
983 2329 1083 2373 odio
1099 2331 1340 2385 communi,
1361 2328 1477 2389 quod
1503 2344 1604 2389 erga
1624 2344 1689 2371 re-

324 2422 419 2466 gem
444 2416 744 2466 susceperant,
770 2408 985 2451 contineri
1010 2408 1276 2451 viderentur.

386 2487 462 2528 XI.
492 2485 543 2528 Id
569 2502 703 2545 quum
730 2487 831 2530 satis
853 2503 896 2529 se
927 2486 1203 2530 confirmasse
1227 2487 1458 2530 arbitratus
1487 2494 1570 2540 est,
1596 2501 1687 2529 cer-

325 2565 475 2607 tiorem
496 2563 594 2606 sarit
615 2566 862 2620 Datamem,
879 2574 1049 2624 tempus
1071 2582 1161 2609 esse
1178 2565 1362 2624 majores
1383 2565 1594 2609 exercitus
1614 2581 1690 2625 pa-
