1859 3310
427 212 654 248 CORNELII
685 209 888 245 NEPOTIS
919 206 1186 241 HANNIBAL.
1424 216 1488 240 121

124 295 418 352 clandestinis,
442 306 489 338 ut
515 291 799 338 Hannibalem
825 292 868 334 in
891 289 1179 351 suspicionem
1203 288 1293 347 regi
1317 287 1497 331 adduce-

125 385 240 431 rent,
274 385 477 434 tanquam
513 373 566 416 ab
598 372 700 432 ipsis
731 380 1010 431 corruptum,
1042 367 1144 424 alia,
1181 376 1311 425 atque
1345 375 1495 422 antea,

123 454 300 509 sentire3
327 468 466 512 neque
491 451 534 494 id
554 450 715 494 frustra
737 448 954 505 fecissent,
984 448 1113 507 idque
1141 443 1356 490 Hannibal
1385 461 1498 487 com-

123 533 321 593 perisset,
342 546 471 590 seque
491 530 544 573 ab
562 529 839 574 interioribus
860 527 1047 572 consiliis
1066 525 1280 587 segregari
1302 524 1496 579 vidisset3

122 621 316 672 tempore
340 610 442 654 dato
470 610 576 654 adiit
598 610 652 654 ad
680 626 838 670 regem,
865 610 989 670 eique
1013 624 1149 669 quum
1174 604 1312 650 multa
1334 604 1386 648 de
1414 603 1499 648 fide

122 707 201 734 sua
227 700 270 734 et
297 690 397 734 odio
422 691 466 734 in
491 692 710 734 Romanos
736 697 1131 743 commemorasset,
1158 687 1241 730 hoc
1266 684 1464 745 adjunxit
1485 701 1494 726 :

72 795 76 797 >
123 789 145 811 «
173 772 320 828 Pater,
349 771 514 831 inquit,
545 787 686 827 meus,
723 768 967 824 Hamilcar,
1001 766 1185 829 puerulo
1220 783 1310 821 me,
1346 774 1499 826 utpote

122 865 212 892 non
235 849 419 911 amplius
445 867 600 894 novem
621 866 757 893 annos
777 859 900 904 nato,
925 849 969 891 in
989 847 1243 908 Hispaniam
1263 846 1499 905 imperator

122 929 399 990 proficiscens
421 931 704 991 Carthagine,
728 930 823 974 Jovi
847 930 1012 990 optimo
1035 927 1222 970 maximo
1245 925 1405 969 hostias
1426 925 1499 968 im-

123 1007 312 1053 molavit.
345 1011 455 1067 Quae
483 1009 628 1053 divina
656 1026 723 1053 res
753 1008 856 1052 dum
885 1007 1216 1061 conficiebatur,
1248 1005 1444 1065 quaesivit
1475 1020 1501 1047 a

62 1085 69 1092 ’
123 1104 213 1145 me,
235 1087 444 1133 vellemne
469 1105 612 1133 secum
641 1090 686 1133 in
707 1098 846 1132 castra
868 1086 1111 1148 proficisci?
1137 1085 1188 1129 Id
1210 1101 1346 1146 quum
1371 1082 1502 1126 liben-

123 1176 190 1210 ter
214 1168 494 1229 accepissem,
518 1178 648 1228 atque
671 1167 725 1211 ab
749 1184 800 1211 eo
822 1176 968 1227 petere
992 1166 1235 1226 coepissem,
1259 1180 1312 1207 ne
1336 1162 1502 1206 dubita-

123 1256 191 1291 ret
210 1247 386 1305 ducere3
407 1258 501 1292 tum
521 1247 611 1304 ille,
631 1249 822 1305 Faciam,
840 1247 1004 1308 inquit,
1023 1248 1056 1290 si
1077 1245 1206 1290 fidem
1225 1245 1351 1302 mihi,
1371 1261 1501 1305 quam

124 1325 318 1386 postulo,
341 1327 521 1372 dederis.
547 1327 683 1372 Simul
706 1344 774 1372 me
797 1327 851 1370 ad
873 1344 991 1370 aram
1011 1326 1210 1382 adduxit,
1235 1324 1352 1385 apud
1371 1340 1501 1384 quam

126 1406 365 1451 sacrificare
384 1408 648 1464 instituerat,
672 1423 871 1467 eamque,
895 1407 1045 1450 ceteris
1067 1406 1263 1461 remotis,
1284 1414 1502 1448 tenentem

121 1485 269 1544 jurare
283 1486 432 1546 jussit,
449 1504 675 1547 nunquam
697 1503 766 1531 me
782 1488 826 1530 in
845 1487 1033 1530 amicitia
1050 1502 1149 1529 cum
1173 1485 1379 1529 Romanis
1396 1483 1499 1527 fore.

124 1565 176 1608 Id
202 1582 282 1626 ego
308 1566 639 1626 jusjurandum,
673 1568 785 1629 patri
816 1567 985 1622 datum,
1016 1583 1153 1626 usque
1182 1565 1236 1609 ad
1264 1566 1376 1609 hanc
1404 1573 1504 1607 aeta-

125 1655 211 1689 tem
235 1647 294 1690 ita
315 1648 591 1704 conservavi,
615 1657 664 1691 ut
688 1648 850 1691 nemini
878 1646 1059 1690 dubium
1084 1663 1174 1690 esse
1198 1645 1369 1700 debeat,
1399 1643 1505 1703 quin

125 1725 294 1787 reliquo
330 1737 525 1789 tempore
560 1728 708 1772 eadem
743 1737 887 1772 mente
920 1728 999 1770 sim
1036 1726 1223 1770 futurus.
1263 1727 1431 1782 Quare,
1472 1724 1507 1767 si

127 1807 233 1867 quid
265 1809 399 1852 amice
428 1809 480 1852 de
509 1809 716 1852 Romanis
746 1808 979 1869 cogitabis,
1010 1824 1098 1851 non
1128 1806 1427 1867 imprudenter
1453 1804 1509 1848 fe-

127 1888 258 1943 ceris,
283 1888 317 1931 si
343 1904 410 1931 me
432 1887 601 1944 celaris;
626 1905 762 1948 quum
786 1888 961 1948 quidem
982 1885 1144 1930 bellum
1166 1885 1359 1947 parabis,
1383 1894 1424 1927 te
1450 1884 1509 1944 ip·

129 1982 224 2010 sum
251 1966 546 2023 frustraberis,
575 1969 609 2011 si
634 1985 722 2011 non
750 1984 818 2011 me
847 1968 890 2010 in
919 1984 970 2010 eo
993 1967 1234 2027 principem
1258 1964 1508 2026 posueris.»

190 2049 267 2091 III.
304 2050 396 2091 Hac
418 2048 572 2108 igitur,
601 2065 688 2108 qua
714 2047 920 2103 diximus,
939 2056 1063 2090 aetate
1082 2062 1182 2089 cum
1206 2054 1329 2106 patre
1352 2044 1395 2086 in
1416 2043 1510 2086 His-

131 2127 302 2186 paniam
337 2127 557 2188 profectus
593 2137 692 2171 est:
721 2127 845 2187 cujus
884 2137 983 2188 post
1015 2126 1204 2182 obitum,
1240 2122 1512 2168 Hasdrubale

131 2207 390 2267 imperatore
419 2207 625 2263 suffecto,
660 2208 873 2267 equitatui
905 2208 1024 2250 omni
1057 2205 1243 2267 praefuit.
1276 2207 1371 2249 Hoc
1403 2219 1512 2262 quo-

131 2302 215 2345 quc
239 2286 485 2343 interfecto,
510 2289 724 2330 exercitus
756 2304 968 2330 summam
998 2286 1165 2346 imperii
1191 2284 1246 2328 ad
1271 2300 1369 2327 eum
1393 2283 1515 2325 detu-

132 2363 193 2408 lit.
218 2365 292 2422 Id,
317 2367 626 2426 Carthaginem
650 2366 860 2421 delatum,
884 2365 1056 2427 publice
1079 2364 1409 2425 comprobatum
1435 2372 1511 2406 cst.

133 2445 203 2488 Sic
225 2444 465 2502 Hannibal,
487 2448 632 2489 minor
657 2448 852 2506 quinque
880 2456 922 2489 ct
946 2446 1101 2505 viginti
1124 2445 1248 2488 annis
1270 2453 1416 2499 natus,
1442 2443 1516 2485 im-

133 2535 308 2584 perator
327 2524 487 2582 factus,
512 2527 710 2586 proximo
739 2527 926 2569 triennio
950 2542 1098 2569 omncs
1124 2534 1271 2585 gentes
1296 2523 1515 2584 Hispaniae

134 2602 245 2647 bello
276 2604 445 2665 subegit
475 2622 483 2648 :
519 2608 784 2666 Saguntum,
816 2605 1067 2649 foederatam
1101 2606 1341 2659 civitatem,
1377 2603 1416 2645 vi
1450 2619 1516 2646 cx-
