1859 3310
361 197 427 234 124
804 198 1036 234 CORNELII
1066 198 1271 233 NEPOTIS

357 276 601 321 incredibile
625 277 761 335 dictu,
787 279 920 324 biduo
948 291 991 324 et
1015 281 1182 324 duabus
1211 280 1410 324 noctibus
1437 280 1723 326 Adrumetum

357 357 573 416 pervenit,
596 357 712 416 quod
737 359 856 401 abest
876 374 901 401 a
925 362 1053 402 Zama
1072 360 1242 403 circiter
1264 358 1396 402 millia
1413 375 1619 420 passuum
1637 370 1722 404 tre-

357 444 491 478 centa.
523 436 573 477 In
599 435 679 478 hac
707 434 808 495 fuga
835 437 1052 493 Numidae,
1086 439 1161 497 qui
1190 437 1315 482 simul
1348 455 1446 482 cum
1477 454 1528 481 eo
1558 455 1608 481 ex
1634 439 1724 482 acie

355 522 642 568 excesserant,
671 514 858 557 insidiati
888 525 991 558 sunt
1019 516 1057 558 ei
1090 532 1099 559 t
1125 533 1234 576 quos
1264 534 1352 560 non
1384 516 1524 560 solum
1547 516 1722 577 effugit,

357 591 430 634 sed
468 592 594 634 etiam
634 592 747 651 ipsos
785 594 1011 653 oppressit.
1052 594 1277 638 Adrumeti
1313 594 1500 655 reliquos
1537 612 1588 638 ex
1622 595 1724 656 fuga

357 668 527 729 collegit
557 686 566 712 :
597 670 719 713 novis
758 669 1012 728 delectibuS,
1043 674 1190 733 paucis
1224 673 1398 730 diebus,
1428 672 1588 717 multos
1620 689 1724 717 con-

355 750 502 792 traxit.

420 830 516 872 VII.
553 830 703 886 Quum
731 831 775 875 in
807 832 1057 892 apparando
1091 834 1295 876 acerrime
1326 843 1435 877 esset
1462 842 1724 894 occupatus,

357 908 730 969 Carthaginienses
748 908 908 953 bellum
927 927 1024 954 cum
1049 912 1253 955 Romanis
1277 922 1628 972 composuerunt.
1647 910 1726 955 llle

355 987 490 1032 nihilo
522 989 657 1032 secius
689 990 894 1033 exercitui
927 1000 1074 1051 postea
1102 990 1294 1051 praefuit,
1323 1008 1477 1051 resque
1502 992 1545 1034 in
1580 990 1725 1035 Africa

354 1068 504 1127 gessit,
529 1068 715 1128 itemque
738 1070 869 1129 Mago
894 1068 1025 1113 frater
1047 1069 1158 1129 ejus,
1180 1087 1316 1130 usque
1337 1070 1390 1114 ad
1412 1073 1458 1114 P.
1484 1069 1722 1130 Sulpicium

353 1155 396 1189 et
421 1148 469 1191 C.
500 1146 723 1191 Aurelium
753 1147 961 1192 consules.
998 1149 1074 1192 His
1108 1150 1221 1192 enim
1250 1150 1571 1210 magistratibus
1596 1147 1723 1209 legati

354 1226 716 1286 carthaginienses
748 1229 930 1271 Romam
963 1238 1199 1285 venerunt,
1234 1229 1308 1288 qui
1340 1228 1507 1272 senatui
1539 1225 1724 1288 populo-

353 1320 437 1363 que
468 1321 647 1348 romano
678 1306 836 1365 gratias
869 1316 1066 1366 agerent,
1098 1307 1216 1367 quod
1250 1323 1348 1350 cum
1381 1307 1447 1350 his
1483 1322 1632 1367 pacem
1663 1305 1723 1349 fe-

353 1383 528 1439 cissent,
561 1384 617 1427 ob
645 1400 824 1444 eamque
853 1401 942 1428 rem
971 1402 1129 1429 corona
1160 1402 1290 1429 aurea
1316 1402 1387 1429 eos
1411 1385 1642 1441 donarent,
1669 1384 1721 1427 si-

352 1461 529 1522 mulque
550 1472 765 1523 peterent,
786 1472 835 1506 ut
859 1464 1026 1507 obsides
1048 1481 1198 1508 eorum
1220 1464 1422 1525 Fregellis
1446 1474 1605 1521 essent,
1627 1480 1725 1524 cap·

352 1542 514 1601 tivique
545 1542 842 1586 redderentur.
873 1544 949 1587 His
978 1560 1026 1587 ex
1058 1543 1445 1588 senatus-consulto
1469 1560 1723 1605 responsum

351 1630 434 1677 est,
468 1638 627 1665 munus
661 1638 811 1665 eorum
840 1633 1012 1683 gratum
1046 1634 1357 1685 acceptumque
1389 1640 1498 1679 esse3
1531 1623 1723 1679 obsides,

350 1716 438 1758 quo
469 1698 563 1744 loeo
597 1710 827 1761 rogarent,
858 1701 1047 1758 futuros3
1087 1704 1279 1763 captivos
1319 1719 1407 1746 non
1445 1703 1722 1757 remissuros,

350 1779 466 1838 quod
496 1779 800 1837 Hannibalem,
824 1782 947 1840 cujus
971 1799 1103 1843 opera
1131 1792 1379 1843 susceptum
1406 1781 1567 1825 bellum
1593 1781 1723 1836 foret,

333 1859 690 1921 ‘inimicissimum
717 1862 881 1904 nomini
903 1878 1102 1919 romano,
1127 1863 1253 1906 etiam
1280 1879 1398 1906 nunc
1422 1879 1521 1905 cum
1545 1862 1724 1922 imperio

333 1926 465 1999 ¹apud
484 1941 719 1984 exercitum
739 1941 966 1997 haberent,
987 1942 1174 2001 itemque
1185 1940 1364 1985 fratrem
1374 1940 1465 2000 ejus
1474 1943 1721 2001 Magonem.

346 2020 441 2061 Hoc
466 2034 676 2079 responso
709 2021 1086 2080 Carthaginienses
1114 2022 1310 2081 cognito,
1336 2019 1621 2064 Hannibalem
1646 2019 1723 2063 do-

346 2113 466 2140 mum
500 2100 820 2159 Magonemque
858 2109 1132 2143 revocarunt.
1166 2103 1263 2144 Huc
1299 2110 1348 2143 ut
1386 2101 1530 2156 rediit,
1564 2109 1723 2161 praetor

345 2175 483 2220 factus
511 2187 597 2233 est,
623 2187 853 2237 postquam
886 2195 960 2222 rex
992 2178 1152 2235 fuerat,
1179 2196 1295 2222 anno
1320 2179 1510 2223 secundo
1541 2189 1583 2223 et
1611 2180 1722 2223 vice-

345 2255 466 2298 simo.
490 2258 552 2299 Ut
572 2257 685 2299 enim
707 2259 856 2301 Romae
879 2258 1096 2313 consules,
1121 2259 1180 2302 sic
1205 2259 1469 2319 Carthagine
1488 2259 1720 2319 quotannis

344 2335 479 2377 annui
506 2335 597 2378 bini
621 2352 741 2396 reges
768 2337 1039 2381 creabantur.
1069 2341 1120 2382 In
1149 2355 1199 2381 eo
1221 2339 1475 2398 magistratu
1504 2339 1597 2399 pari
1626 2336 1720 2380 dili-

345 2414 489 2472 gentia
517 2430 559 2457 se
586 2415 803 2459 Hannibal
827 2418 1031 2477 praebuit,
1054 2435 1103 2461 ac
1128 2417 1268 2461 fuerat
1297 2419 1339 2460 in
1363 2417 1475 2461 bello
1500 2435 1508 2461 :
1534 2433 1720 2476 namque

345 2491 503 2547 effecit,
527 2510 577 2536 ex
597 2495 721 2537 novis
741 2495 1021 2556 vectigalibus
1042 2514 1128 2540 non
1154 2497 1292 2541 solum
1313 2507 1361 2540 ut
1383 2507 1491 2539 esset
1514 2497 1717 2557 pecunia,

346 2586 439 2628 quae
455 2574 660 2616 Romanis
678 2590 727 2616 ex
747 2573 905 2617 foedere
921 2575 1203 2635 penderetur,
1222 2576 1294 2619 sed
1312 2576 1439 2618 ctiam
1457 2585 1716 2636 superesset,
