1859 3310
383 231 611 267 CORNELII
642 228 847 263 NEPOTIS
876 227 1240 261 THRASYBULUS.
1447 229 1492 271 β

132 324 244 371 sent,
274 316 433 375 partim
461 311 791 364 interfecissent,
821 308 1110 368 plurimorum
1137 308 1251 351 hona
1276 306 1493 367 publicata

131 394 244 436 inter
273 409 316 436 se
349 391 609 444 divisissent;
643 405 731 432 non
767 387 906 431 solum
937 388 1160 448 princeps,
1195 386 1267 430 sed
1303 397 1346 430 et
1378 387 1494 432 solus

133 472 279 525 initio,
303 470 462 514 bellum
487 469 554 512 his
579 468 751 511 indixit.

190 552 245 594 II.
281 551 360 593 Hic
381 550 496 592 enim
518 564 652 608 quum
675 546 842 608 Phylen
865 546 1149 606 confugisset,
1173 544 1290 605 quod
1314 555 1377 589 est
1403 562 1493 589 cas-

129 628 276 673 tellum
301 629 345 672 in
369 628 514 672 Attica
536 627 896 682 munitissimum,
924 642 1011 669 non
1038 624 1135 685 plus
1158 625 1309 668 habuit
1328 641 1493 673 secum„

126 723 256 768 quam
288 707 465 767 triginta
498 706 550 750 de
579 707 679 750 suis.
710 709 805 749 Hoc
840 706 1010 749 initium
1047 704 1129 748 fuit
1158 704 1304 748 salutis
1334 705 1494 748 Attico-

127 802 250 842 rum;
288 786 370 829 hoc
396 786 532 829 robur
569 785 778 830 libertatis
823 784 1070 828 clarissimae
1110 785 1307 827 civitatis.
1343 785 1495 843 Neque

126 881 229 909 vero
265 865 334 909 hic
370 882 456 909 non
490 875 765 926 contemptus
797 875 860 908 est
893 865 1034 924 primo
1067 881 1089 907 a
1122 864 1338 924 tyrannis,
1367 873 1494 923 atque

122 945 217 1004 ejus
248 944 450 989 solitudo.
488 947 599 1003 Quae
629 945 804 1004 quidem
834 961 900 988 res
932 954 973 987 et
1004 943 1086 987 illis
1121 943 1494 986 contemnentibus

126 1025 353 1083 perniciei3
377 1035 419 1069 et
443 1025 543 1068 huic
567 1025 764 1086 despecto
789 1024 916 1068 saluti
942 1024 1036 1067 fuit.
1065 1026 1166 1067 Haec
1188 1024 1303 1066 enim
1324 1022 1420 1066 illos
1441 1023 1493 1066 ad

125 1104 471 1164 persequendum
498 1120 668 1165 segnes,
697 1104 775 1147 hos
803 1113 971 1155 autem,
1008 1112 1202 1163 tempore
1233 1102 1287 1145 ad
1319 1119 1494 1163 compa-

124 1182 308 1226 randum
339 1183 464 1238 dato,
496 1183 599 1227 fecit
627 1183 905 1227 robustiores.
937 1184 1040 1240 Quo
1073 1183 1207 1243 magis
1232 1192 1492 1243 praeceptum

125 1260 232 1304 illud
251 1263 447 1305 omnium
472 1263 516 1306 in
536 1264 692 1306 animis
714 1279 802 1306 esse
822 1262 964 1317 debet,
988 1261 1143 1306 «Nihil
1166 1263 1210 1305 in
1233 1261 1346 1306 bello
1368 1279 1495 1324 opor-

128 1349 214 1384 tere
245 1343 517 1396 contemni;»
551 1359 631 1385 nec
664 1343 754 1386 sine
789 1358 915 1386 causa
952 1341 1061 1391 dici,
1100 1344 1321 1386 «Matrem
1356 1343 1493 1386 timidi

125 1420 226 1465 flere
247 1438 336 1465 non
358 1421 507 1465 solere.
525 1442 545 1463 n
568 1423 721 1482 Neque
743 1432 886 1466 tamen
912 1439 991 1482 pro
1014 1422 1216 1482 opinione
1237 1422 1494 1483 Thrasybuli

124 1509 258 1544 auctae
283 1510 383 1544 sunt
412 1518 527 1561 opes.
557 1503 669 1546 Nam
696 1503 787 1562 jam
811 1512 905 1545 tum
933 1501 1017 1545 illis
1045 1502 1312 1562 temporibus
1341 1502 1494 1547 fortius

124 1579 227 1622 boui
254 1596 334 1639 pro
367 1578 562 1624 libertate
590 1579 894 1641 loquebantur,
929 1597 1059 1640 quam
1089 1582 1353 1641 pugnabant.
1382 1583 1493 1626 Hinc

124 1658 168 1700 in
198 1659 407 1702 Piraeeum
441 1660 632 1714 transiit,
660 1660 1020 1720 Munichiamque
1052 1661 1247 1704 munivit.
1279 1663 1401 1705 Hanc
1430 1662 1494 1706 bis

123 1739 296 1798 tyranni
323 1754 580 1799 oppugnare
611 1749 714 1782 sunt
749 1739 916 1795 adorti3
954 1740 1008 1782 ab
1035 1756 1170 1799 eaque
1205 1741 1391 1800 turpiter
1426 1758 1492 1784 re-

122 1815 256 1876 pulsi,
282 1819 482 1878 protinus
508 1819 552 1862 in
576 1819 729 1862 urbem
745 1853 756 1873 ,
782 1820 913 1862 armis
936 1818 1344 1879 impedimentisque
1369 1821 1494 1864 amis-

121 1896 195 1951 sis,
226 1896 491 1957 refugerunt.
527 1898 642 1941 Usus
671 1907 735 1940 est
765 1896 1061 1957 Thrasybulus
1095 1914 1182 1940 non
1217 1899 1360 1941 minus
1390 1915 1493 1959 pru-

120 1973 283 2030 dentia,
310 1992 441 2036 quam
469 1976 737 2020 fortitudine.
773 1977 885 2020 Nam
913 1976 1110 2020 cedentes
1137 1976 1291 2021 violari
1317 1979 1452 2022 vetuit
1482 1998 1489 2022 :

119 2054 231 2097 cives
251 2055 369 2097 enim
390 2055 555 2100 civibus
574 2073 751 2117 parcere
774 2073 947 2116 aequum
966 2057 1179 2100 censebat.
1202 2058 1353 2117 Neque
1379 2059 1493 2117 quis-

118 2149 250 2192 quam
284 2144 348 2178 est
372 2133 642 2192 vulneratus,
678 2137 759 2179 nisi
793 2136 868 2196 qui
900 2137 1019 2196 prior
1053 2136 1311 2196 impugnare
1341 2137 1488 2181 voluit.

119 2213 579 2274 Neminemjacentem
594 2225 710 2259 veste
728 2215 931 2275 spoliavit
953 2232 962 2258 ε
988 2215 1048 2258 nil
1066 2216 1226 2276 attigit,
1253 2217 1335 2259 nisi
1353 2233 1491 2268 arma,

117 2310 307 2354 quorum
329 2294 568 2355 indigebat,
592 2305 633 2338 et
654 2311 748 2355 quae
773 2295 827 2338 ad
851 2296 1011 2338 victum
1038 2296 1325 2354 pertinebant.
1353 2298 1405 2339 In
1427 2313 1490 2339 se-

118 2372 261 2416 cundo
296 2372 450 2434 proelio
485 2373 638 2418 cecidit
673 2375 850 2429 Critias,
889 2373 978 2416 dux
1009 2383 1319 2434 tyrannorum,
1356 2391 1488 2434 quum

118 2454 293 2513 quidem
317 2454 575 2498 exadversus
598 2452 921 2514 Thrasybulum
944 2453 1174 2496 fortissime
1199 2464 1425 2514 pugnaret.

180 2536 257 2578 III.
295 2537 389 2578 Hoc
413 2533 601 2594 dejecto,
627 2533 860 2576 Pausanias
886 2533 1004 2576 venit
1033 2533 1186 2575 Atticis
1211 2532 1391 2582 auxilio,
1415 2550 1485 2577 rex

119 2613 556 2657 Laccdaemoniortun.
588 2616 626 2656 Is·
653 2614 764 2656 inter
788 2611 1131 2673 Thrasybulum,
1156 2622 1194 2654 et
1216 2628 1288 2656 ros
1314 2613 1386 2672 qui
1418 2630 1487 2656 ut·-
