1859 3310
322 234 392 270 228
923 234 1084 268 NOTAE

369 317 451 352 Cn.
470 318 518 352 II.
543 320 577 352 A
603 320 756 352 Lacone.
782 317 826 351 Id
846 323 898 351 est
918 315 1102 363 Agesilao.

370 379 509 413 Facere
525 392 659 413 secum.
679 380 752 413 Pro
772 378 913 421 favere,
932 377 1037 411 tueri.

369 441 453 476 (ΠΛΡ.
473 441 541 475 111.
566 440 765 474 Barbarus.
790 440 916 481 Persa,
935 438 1219 484 Tissaphernes,
1240 436 1286 471 de
1308 447 1423 471 more.

369 501 451 535 Car.
476 502 539 535 IV.
567 500 729 534 Nuntius.
758 499 802 533 Id
833 506 903 542 est,
928 499 1084 546 scytala‚
1110 499 1171 532 vel
1195 498 1363 545 epistola.
1390 496 1560 543 Agesilao
1590 494 1688 530 enim

316 561 462 596 missam
482 561 589 595 fuisse
609 560 782 607 scytalam
804 565 956 593 narrant
975 558 1188 593 Plutarchus
1207 566 1242 592 et
1260 558 1490 605 Xenophon,
1516 570 1575 601 1v‚
1593 562 1626 599 4.

371 622 600 656 Coronoeam.
619 622 744 655 Graece
768 618 965 666 Κορώνεια,
984 619 1074 654 urbs
1097 618 1243 653 Boeotiae
1267 631 1346 665 quae
1369 631 1446 653 non
1466 618 1577 653 debet
1600 630 1689 652 con-

316 682 441 725 fundi,
471 689 510 716 ut
542 680 583 716 fit
607 682 760 729 passim,
795 694 877 716 cum
905 681 1129 722 Choeronea,
1149 679 1248 713 haud
1274 681 1402 726 procul
1428 679 1515 714 inde
1544 679 1690 723 dissita,

315 743 379 777 ubi
415 743 607 790 Philippus
638 743 822 790 insignem
846 742 949 778 illam
978 742 1024 777 de
1051 740 1186 776 Graecis
1211 739 1405 774 victoriam
1431 741 1688 787 reportaverit.

315 805 522 839 Tzscnucx.

367 867 412 901 In
433 868 612 914 templum
633 866 823 900 IlIc'nervoe.
850 864 1064 900 Plutarchus
1077 891 1086 907 ,
1105 876 1191 906 XIx,
1214 860 1373 898 affirmat
1394 862 1573 896 Minervae
1596 869 1691 897 tem-

314 929 418 975 plum
442 928 573 963 Itoniae
602 939 720 975 prope
748 927 876 962 fanum
908 926 1001 961 illud
1035 925 1162 969 fuisse,
1187 924 1226 959 in
1257 923 1361 971 quod
1390 923 1480 970 asyli
1504 923 1693 971 quaerendi

315 1001 423 1024 causa
443 989 704 1037 confugissent.

374 1052 532 1099 Templa
559 1060 700 1087 sancta.
723 1052 769 1087 Id
794 1058 848 1087 est
871 1049 1115 1086 inviolabilia.
1150 1065 1165 1081 «
1183 1049 1368 1083 AErarium
1402 1060 1549 1096 quoque
1578 1061 1692 1083 sanc-

315 1120 406 1156 tum,
429 1112 513 1160 quia
533 1113 675 1148 tardius
694 1113 911 1160 aperiebant
929 1112 1090 1157 tribuni,
1107 1111 1215 1158 jussit
1233 1110 1423 1158 effringi.»
1446 1111 1563 1155 Flor.,
1583 1124 1636 1153 1v,
1659 1122 1692 1145 2.

368 1174 453 1209 CAP.
472 1174 539 1209 VI.
564 1176 703 1210 Locum
728 1181 834 1210 extra
862 1174 983 1209 urbem
1018 1174 1167 1209 editum.
1193 1173 1393 1219 Ἰσσ-ωριον,
1421 1173 1545 1207 locum
1568 1173 1695 1207 muni-

315 1241 395 1269 tum
418 1243 704 1282 expugnatuque
718 1234 924 1278 difficilem,
937 1235 1003 1269 ubi
1021 1235 1149 1270 Dianae
1170 1235 1322 1269 Issorc'oe
1343 1234 1521 1280 templum
1544 1233 1629 1278 fuit,
1647 1234 1696 1269 ab

316 1290 446 1339 ὕετο-ὃς,
464 1296 606 1342 pilum,
630 1297 690 1331 vel
715 1290 829 1343 ὕψος,
852 1308 1048 1339 cacumen,
1073 1302 1109 1329 et
1129 1293 1221 1341 ὅρος,
1246 1307 1365 1329 mons.
1392 1295 1485 1329 Vide
1503 1297 1614 1330 PLUT.

369 1359 453 1392 (ΞΜ).
473 1358 578 1392 VIII.
598 1358 646 1391 In
668 1365 767 1392 acta.
794 1357 839 1392 Id
858 1364 932 1401 est,
958 1357 996 1391 in
1019 1356 1165 1400 littore,
1187 1370 1206 1391 a
1226 1368 1346 1403 graeco
1369 1351 1478 1392 ἀκτίν.

368 1419 434 1453 Ad
449 1418 581 1466 regios.
613 1418 671 1453 Ad
694 1418 791 1466 regis
812 1417 963 1466 AEgypti
987 1417 1190 1464 praefectos.

373 1480 546 1515 Coronas.
577 1480 633 1514 Ex
662 1492 805 1527 papyro
837 1480 1035 1515 coronaria
1055 1485 1187 1514 vocata
1215 1478 1410 1514 confectas.
1444 1478 1572 1514 Refert
1598 1479 1697 1515 enim

317 1541 513 1576 Athenaeus
526 1568 536 1585 ,
557 1553 623 1585 xv,
648 1540 670 1576 6
685 1568 694 1585 ,
717 1541 912 1589 AEgyptios
937 1541 1110 1588 Agesilao
1124 1567 1133 1584 ,
1152 1540 1191 1574 in
1209 1542 1409 1588 AEgyptum
1427 1539 1698 1587 proficiscenti,

318 1602 416 1637 inter
434 1602 506 1638 alia
524 1615 679 1637 munera
697 1615 879 1650 papyrum
899 1602 1133 1637 coronarium
1154 1601 1307 1637 misisse.
1331 1601 1492 1646 Plinius,
1511 1614 1610 1647 xn1,
1635 1615 1648 1637 1
1662 1615 1674 1637 1
1689 1630 1698 1647 ‚

320 1663 451 1711 papyri
470 1662 602 1699 florem
622 1663 670 1698 ad
689 1664 779 1699 deos
799 1664 1037 1699 coronandos
1057 1663 1138 1699 usui
1157 1663 1266 1698 fuisse
1286 1663 1385 1698 dicit.
1407 1663 1532 1708 Idem,
1553 1677 1636 1709 xxx,
1658 1664 1698 1710 3,

320 1726 564 1773 aegyptiarum
583 1738 797 1760 coronarum
818 1726 1048 1761 mentionem
1067 1725 1164 1761 facit.
1187 1727 1354 1761 MAGms.

376 1786 471 1822 Cera
492 1784 806 1832 circumfizderunt.
836 1788 974 1823 Contra
998 1787 1186 1822 Diodorus
1218 1787 1346 1822 scribit
1369 1787 1533 1835 Agesilai
1567 1800 1699 1835 corpus

321 1847 360 1882 in
385 1848 494 1883 melle
514 1849 683 1895 Spartam
707 1849 941 1896 deportatum
965 1861 1054 1884 esse.
1081 1850 1174 1883 Nam
1188 1848 1390 1895 antiquitus
1408 1849 1605 1894 cadavera,
1620 1862 1701 1897 quae

322 1909 461 1944 servari
485 1910 641 1954 vellent,
658 1911 768 1945 melle
786 1910 1024 1946 condiebant.
1056 1912 1249 1945 Persarum
1273 1917 1398 1945 tamen
1421 1923 1502 1945 mos
1526 1910 1596 1945 fuit
1622 1924 1699 1946 non

323 1970 431 2005 melle
444 1997 454 2015 ,
473 1970 538 2005 sed
560 1983 642 2006 cera
663 1971 930 2017 circumlinire,
950 1978 1042 2007 teste
1063 1971 1278 2015 Herodoto,
1298 1971 1362 2006 lib.
1391 1984 1425 2016 1,
1450 1978 1487 2007 et
1504 1972 1701 2016 Cicerone,

323 2032 360 2065 in
387 2031 550 2074 Tuscul.,
573 2045 601 2067 1.
628 2033 817 2067 Commu.

377 2092 564 2139 Agesilaus
585 2100 813 2128 memoratur
834 2094 1051 2137 Herodoto,
1078 2094 1296 2138 Plutarcho,
1331 2093 1599 2141 Xenophonti,
1624 2096 1700 2130 Po-

326 2154 446 2201 lyaeno
458 2180 468 2198 ‚
480 2154 688 2199 Pausaniae,
702 2154 892 2199 Diodoro,
909 2155 1068 2202 Polybio
1078 2182 1088 2199 ,
1108 2156 1302 2200 Athenaeo,
1322 2155 1487 2200 Jusfino,
1501 2156 1701 2201 Frontino,

325 2216 407 2251 Val.
429 2216 613 2261 Maximo,
632 2216 811 2252 Ciceroni.
832 2217 941 2252 Adde
963 2218 1088 2252 Rollin
1102 2224 1138 2252 et
1161 2217 1419 2264 Barthe'lemy.

776 2379 824 2407 IN
858 2378 1057 2407 EUMENIS
1091 2379 1251 2407 VITAM.

382 2508 465 2543 Cn.
485 2508 514 2542 Ι.
544 2508 642 2543 Alce.
668 2508 725 2542 Ita
750 2508 927 2543 dicuntur
951 2508 1115 2556 equitum
1142 2509 1310 2555 ordines,
1333 2510 1434 2557 quod
1452 2513 1599 2546 alarum
1621 2511 1702 2548 vice

329 2569 472 2615 pedites
490 2575 629 2616 tegunt.
662 2570 753 2604 Vide
769 2571 964 2605 Pmscmn.
980 2597 989 2613 ‚
1015 2570 1078 2605 lib.
1099 2583 1156 2605 Vl.
1301 2565 1305 2568 ⁴

383 2630 572 2665 Hetaerice.
598 2632 631 2665 A
657 2643 749 2666 voce
776 2642 891 2678 graeca
922 2629 1108 2678 ἑταιρική,
1134 2631 1296 2676 socialis,
1321 2630 1509 2678 sodalitia;
1535 2634 1584 2669 ita
1604 2636 1702 2683 apud
