1859 3310
737 279 894 314 NOTAE.
1432 282 1504 318 253

577 407 626 435 IN
661 405 1014 434 TIMOLEONTEM.

181 503 265 541 cm».
292 504 322 539 Ι.
350 504 599 538 Inveteratum
629 500 845 535 servitutem.
865 499 1017 547 Quippe
1046 511 1127 546 quae
1147 499 1230 547 plus
1249 511 1361 547 quam
1387 513 1506 536 annos

129 565 319 613 sexaginta
343 563 561 600 duravisset.

180 627 256 662 Per
285 624 530 671 haruspicem.
564 622 631 658 Cui
653 621 824 669 quidem,
851 627 891 655 ut
918 620 982 655 alii
1015 621 1151 668 velint,
1179 622 1330 670 Satyr03
1358 629 1398 657 ut
1425 621 1507 658 aliis

126 687 291 734 placeat,
330 684 550 732 Orthagorae
591 695 732 719 nomen
757 681 879 718 fuerit.
912 703 963 709 —
991 681 1300 731 Communemque
1333 683 1507 731 affinem.

125 746 342 794 AEschylum
359 745 526 781 nomine.

177 808 452 854 Nonnunquam
475 807 566 842 vitoe
573 805 697 852 finem
709 803 848 851 facere
872 806 1043 841 voluerit.
1063 805 1207 852 Nempe
1227 804 1352 840 inedia
1367 817 1405 840 se
1425 817 1507 841 exs-

124 867 304 916 tinguere.
328 868 389 904 Sic
412 868 511 903 enim
532 867 646 902 habet
668 867 886 902 Plutarchus
907 879 915 901 :
943 872 1071 918 ὥρμησε
1088 872 1143 918 μὲν
1171 873 1209 911 ὡς
1228 869 1404 917 διαφθερῶν
1425 873 1507 905 ἁπέ-

122 938 236 979 χεσθαι
258 939 380 980 τροφῆς.

175 991 420 1026 Mamercum.
440 990 697 1026 Catanaeorum
720 997 945 1039 tyrannum,
970 989 1017 1025 de
1049 1001 1124 1038 quo
1149 989 1355 1035 Plutarch„
1384 991 1506 1026 Timo-

123 1053 254 1096 leont.,
280 1064 355 1087 xxx
379 1058 416 1087 et
444 1064 577 1088 xxxlv.

690 1135 738 1164 IN
779 1135 932 1163 REGES.

173 1233 258 1268 CAP.
283 1232 334 1267 11.
359 1233 501 1267 Horum
518 1232 616 1266 alter
637 1231 836 1279 Babylone
866 1231 991 1266 morbo
1018 1240 1267 1280 consumptus.
1288 1231 1505 1268 Alexander

120 1295 302 1341 Magnus,
329 1292 410 1341 qui,
438 1299 530 1329 teste
551 1292 717 1337 Jusfino,
741 1305 936 1328 «reversus
961 1293 1227 1342 Babyloniam,
1252 1293 1504 1329 intermissum

121 1355 212 1390 olim
237 1354 454 1390 convivium
487 1354 693 1390 solenniter
714 1353 897 1399 instituit,
933 1361 987 1399 et,
1011 1361 1163 1402 accepto
1194 1355 1356 1402 poculo,
1380 1354 1505 1391 media

121 1416 276 1464 potione
306 1423 461 1463 repente
482 1415 596 1451 veluti
615 1416 690 1451 telo
717 1414 885 1451 confixus
900 1442 910 1460 ‚
938 1416 1119 1463 ingemuit
1123 1443 1184 1453 .....
1209 1415 1333 1452 Amici
1358 1428 1504 1451 causam

119 1478 245 1513 morbi
274 1477 534 1525 intemperiem
564 1477 754 1513 ebrietatis
783 1477 1123 1513 disseminaverunt
1157 1491 1165 1512 :
1196 1490 1237 1512 re
1268 1484 1391 1512 autem
1416 1489 1505 1512 vera

119 1538 264 1574 insidiae
302 1538 480 1583 fuerunt,
517 1551 674 1586 quarum
709 1538 901 1574 infamiam
934 1551 1190 1574 successorum
1225 1538 1395 1586 potentia
1431 1551 1505 1587 op—

119 1599 263 1647 pressit.
288 1615 303 1631 »

171 1660 254 1698 Cu.
289 1661 338 1696 11.
371 1662 412 1696 Is
441 1674 553 1709 quum
583 1662 703 1710 Argos
735 1661 925 1709 oppidum.
948 1661 1059 1709 Argi,
1085 1673 1148 1696 seu
1172 1663 1317 1709 Argos,
1338 1666 1443 1696 vetus
1468 1667 1506 1696 et

119 1722 361 1758 celeberrima
381 1723 471 1758 urbs
494 1722 764 1770 Peloponnesi3
788 1722 904 1758 hodie
926 1725 1050 1770 Argo,
1072 1735 1117 1758 en
1137 1723 1280 1758 More'e.

174 1783 258 1820 Cu.
270 1784 339 1820 111.
354 1785 417 1820 Ex
429 1785 487 1820 his
504 1786 722 1834 Antigonus.
743 1786 800 1820 De
819 1797 894 1833 quo
908 1786 1043 1821 Noster
1054 1784 1091 1820 in
1106 1786 1293 1830 Eumene,
1306 1797 1336 1820 c.
1363 1798 1397 1821 v.

598 1901 646 1929 IN
681 1900 1008 1929 HAMILCAREM.

172 1997 256 2033 Cn.
291 1998 320 2033 Ι.
341 1998 458 2045 Apud
480 1997 620 2032 insulas
652 1996 819 2046 AEgates.
857 1998 913 2033 Eo
938 1997 1092 2033 nomine
1119 1997 1344 2033 dicebantur
1373 1998 1504 2033 insulae

119 2064 192 2094 tres
216 2058 380 2094 Siciliam
400 2059 499 2094 inter
518 2065 555 2094 et
576 2058 756 2105 Africam,
775 2059 942 2107 Lilybaeo
956 2059 1221 2106 promontorio
1241 2060 1418 2106 objectae,
1432 2060 1505 2095 sci-

117 2119 204 2156 licet
226 2119 477 2166 Phorbantia,
497 2121 634 2168 AEgusa
648 2128 685 2157 et
706 2121 838 2165 Hiera3
862 2120 978 2156 hodie
999 2122 1163 2156 Levenzo
1174 2147 1187 2165 ,
1203 2122 1437 2169 Favagnana
1462 2128 1504 2157 et

118 2181 332 2217 Maretimo.

170 2245 249 2277 Aut
268 2243 360 2278 victi
382 2255 515 2278 manus
535 2244 734 2279 dedissent.
750 2243 865 2289 Quod
885 2244 986 2280 idem
1006 2245 1126 2289 valet,
1150 2257 1192 2280 ac
1215 2244 1335 2279 victos
1350 2256 1389 2279 se
1408 2255 1499 2279 con—

118 2303 203 2340 fessi
221 2311 359 2349 essent‚
378 2311 417 2340 ut
440 2304 568 2341 videre
593 2312 647 2340 est
660 2305 763 2353 apud
775 2305 963 2350 Plautum,
984 2307 1084 2341 Pers.
1098 2331 1110 2348 ,
1136 2312 1206 2341 act.
1233 2318 1274 2349 V,
1295 2317 1344 2340 sc.
1368 2317 1418 2340 11.

255 2418 335 2451 Satis
346 2419 531 2464 sumpsimus
541 2420 688 2464 supplicii
695 2421 774 2463 jam.

540 2467 546 2470 “
693 2479 722 2509 D
731 2488 749 2508 o
757 2488 777 2508 R
786 2489 806 2508 n
814 2489 833 2508 A
841 2489 859 2508 1.
867 2489 888 2508 u
897 2488 923 2509 s.

838 2535 950 2565 Fateor
957 2558 965 2572 ‚
990 2543 1099 2565 manus
1113 2532 1200 2565 vobis
1221 2532 1274 2565 do.

713 2591 740 2620 T
746 2600 764 2620 o
772 2600 791 2620 x
800 2601 811 2620 1
819 2600 838 2620 1.
846 2600 866 2620 u
877 2600 901 2620 s.

1284 2645 1324 2675 Et
1334 2649 1402 2686 post
1412 2642 1500 2675 dabis

259 2698 323 2730 Sub
339 2698 441 2732 furcis.
