1859 3310
342 213 414 250 240
612 206 761 242 NOTAE
790 207 837 240 ΙΝ
864 207 1012 240 VITAS
1042 204 1244 240 EXCELL.
1273 206 1438 241 IMPER.

340 292 578 336 Ciceronum,
605 299 689 339 post
721 304 741 326 a
773 304 835 325 sua
863 290 948 324 sede
983 296 1143 333 motum,
1173 302 1280 335 quam
1313 289 1366 323 illi
1391 290 1485 324 adeo
1514 290 1707 337 assignavit

340 352 538 387 Lambinus
557 360 592 388 et
611 353 759 399 quidam
779 351 852 385 alii.
872 352 917 393 Q.
934 362 1149 397 praenomen
1168 350 1363 384 commode
1382 351 1498 397 possit
1516 351 1645 386 referri
1663 352 1711 387 ad

339 413 593 456 Hortensium,
617 413 681 447 sed
704 412 840 453 Marii,
865 411 944 454 vel,
968 417 1007 444 ut
1025 417 1079 445 est
1106 410 1145 445 in
1166 410 1291 455 libris,
1311 411 1436 445 Mam·
1456 412 1550 446 male
1571 412 1709 447 redun—

338 474 411 509 dat.
438 474 533 508 Hinc
552 473 667 520 aliqui
686 473 739 507 M.
765 471 931 514 Catonis,
960 472 1003 517 Q.
1029 472 1228 516 Hortensii,
1258 472 1512 507 emendarunt.
1533 474 1588 508 Ita
1616 475 1709 508 Tzs-

338 546 471 569 cimex.
498 534 591 569 Huic
617 533 752 568 ultimae
776 531 926 567 lectioni
952 544 1020 578 ego
1048 532 1246 579 suffragor,
1268 540 1304 568 et
1325 533 1363 567 in
1391 541 1492 569 textu
1519 533 1666 579 malim,
1691 547 1710 571 a

338 607 411 641 quo
436 594 544 630 lectio
569 595 688 628 Marii
701 593 907 640 ableganda
926 592 1016 627 mihi
1037 592 1193 628 videtur.

388 656 471 690 esp.
491 656 587 689 XVI.
602 656 798 689 Historiam
819 661 1036 688 contextam.
1055 653 1215 698 Gallice,
1238 654 1407 689 l’histoire
1427 656 1547 692 suivie.

388 717 470 751 Cn.
494 716 618 751 XVII.
651 717 771 761 Quam
795 715 930 749 extulit.
956 716 1078 758 Quam
1099 714 1349 761 sepeliendam
1372 717 1522 751 curavit.

388 780 472 814 CAP.
499 778 602 812 XIX.
633 776 812 822 Divifilic'.
838 776 956 810 Abest
979 787 1054 810 vox
1078 776 1170 810 Julic'
1191 789 1211 810 a
1235 776 1358 810 multis
1388 777 1512 821 libris,
1543 791 1625 825 quae
1642 791 1708 814 re—

336 839 511 888 ponenda
540 837 632 873 mihi
665 836 812 871 videtur
834 850 842 871 :
866 848 945 871 non
979 836 1111 871 desunt
1134 836 1277 870 nummi
1302 836 1342 871 in
1373 838 1507 884 quibus
1530 840 1621 873 Iulii
1642 840 1708 874 ad-

336 901 443 936 ditur.

387 962 556 996 Drusilla
574 970 670 996 nato.
691 961 795 996 Livia
817 960 980 995 Drusilla
1002 959 1160 994 duorum
1182 961 1370 995 Neronum
1394 967 1511 995 mater
1530 967 1627 1004 erat,
1647 961 1711 1007 qui

335 1023 562 1070 praenomine
590 1022 722 1067 Drusi,
757 1021 981 1069 cognomine
1012 1021 1177 1066 Tiberii,
1212 1034 1232 1055 a
1262 1034 1300 1056 se
1332 1021 1491 1056 invicem
1522 1022 1707 1058 discerne-

335 1084 479 1119 bantur.
513 1084 605 1119 Vide
630 1091 784 1119 stemma
812 1083 943 1118 domus
971 1084 1181 1130 Augusteae,
1206 1083 1306 1130 quod
1335 1083 1465 1118 Tacito
1490 1095 1556 1118 suo
1592 1083 1707 1119 affixit

334 1146 455 1180 Justus
477 1145 638 1191 Lipsius.

385 1206 467 1241 cip.
482 1208 569 1241 XX.
584 1206 682 1241 Jovis
702 1206 860 1240 Feretrii.
876 1204 1019 1252 Jupiter
1044 1217 1122 1239 non
1150 1204 1199 1240 ita
1222 1205 1503 1251 cognominatus
1528 1213 1581 1240 est
1605 1218 1625 1239 a
1638 1204 1705 1251 fe—

333 1269 446 1303 rendo
474 1279 603 1314 pacem
630 1274 691 1302 aut
710 1266 883 1312 feriendo
911 1266 1046 1308 foedus,
1070 1273 1109 1300 ut
1137 1266 1286 1313 quidam
1310 1267 1461 1311 volunt,
1486 1267 1568 1311 sed,
1592 1273 1632 1301 ut
1657 1266 1707 1301 ait

332 1329 478 1372 Livius,
506 1328 570 1362 lib.
591 1341 627 1371 1,
652 1327 753 1374 quod
778 1327 977 1370 Romulus,
1002 1326 1093 1361 duce
1112 1327 1274 1361 hostium
1299 1328 1437 1372 occiso,
1459 1328 1578 1375 spolia
1601 1327 1706 1374 hujus

333 1389 432 1424 ducis
458 1388 540 1424 caesi
560 1400 755 1435 suspensa,
774 1387 953 1422 fabricato
974 1387 1021 1422 ad
1042 1386 1081 1422 id
1105 1394 1188 1434 apte
1201 1388 1343 1433 feret-ro
1367 1399 1518 1435 gerens,
1537 1388 1575 1422 in
1597 1388 1707 1435 Capi—

334 1451 463 1485 tolium
498 1449 720 1492 ascenderit,
747 1448 873 1495 ibique
903 1449 951 1483 ad
975 1460 1150 1496 quercum
1179 1449 1389 1495 pastoribus
1419 1461 1558 1484 sacram
1584 1449 1703 1496 depo—

332 1511 454 1546 suerit.
486 1514 515 1545 A
533 1509 716 1556 feretrum
746 1510 858 1557 igitur
888 1509 1110 1555 adjectivum
1128 1509 1306 1556 feretrius
1336 1510 1543 1545 derivatum
1564 1517 1646 1554 *est3
1672 1517 1706 1545 et

332 1572 476 1618 Jupiter
488 1572 668 1606 Feretrius
682 1571 780 1606 idem
802 1578 855 1605 est
879 1583 920 1606 ac
941 1569 1086 1618 Jupiter
1104 1570 1266 1618 Stygius,
1280 1570 1467 1616 Infernus,
1486 1570 1704 1606 Summanus

334 1633 390 1668 vel
414 1632 592 1667 Manium.
607 1633 662 1667 De
687 1632 826 1678 templo
848 1631 950 1666 Jovis
964 1631 1134 1675 Feretrii,
1156 1632 1243 1666 vide
1266 1633 1436 1677 lemm,
1464 1645 1497 1676 1,
1523 1644 1586 1678 103
1611 1633 1706 1667 Fu»

332 1705 427 1738 num,
453 1706 487 1737 1,
517 1706 552 1738 13
576 1694 667 1728 VAL.
686 1694 897 1738 MAXIMUM,
924 1705 990 1736 111,
1015 1705 1054 1736 2,
1082 1693 1113 1727 3.

384 1756 449 1790 Ex·
469 1756 608 1790 ultimis
625 1756 732 1789 terris.
754 1754 798 1789 Id
816 1761 888 1798 est,
907 1761 946 1789 ut
961 1753 1223 1801 interpretatur
1237 1754 1441 1799 Manutius,
1461 1766 1506 1789 ex
1529 1755 1703 1803 AEgypto.

330 1817 402 1852 Alii
430 1818 558 1864 legunt
587 1818 677 1851 exul
707 1824 782 1851 tum
812 1816 870 1851 his
899 1816 1021 1859 terris;
1049 1815 1134 1862 quia
1167 1815 1283 1851 hostis
1311 1815 1493 1863 judicatus
1522 1817 1703 1852 Antonius

330 1877 436 1912 Italia
461 1884 625 1912 cesserat.
1581 1922 1583 1924 Ι

381 1939 464 1974 CAP.
489 1939 614 1973 XXII.
639 1938 812 1973 Decessit.
837 1940 946 1974 Anno
971 1938 1072 1973 urbis
1097 1938 1255 1973 conditae
1282 1950 1366 1982 721.
1393 1938 1571 1974 Triennio
1596 1947 1701 1975 natus

330 2006 407 2034 erat
430 1999 569 2035 Atticus
591 2006 676 2035 ante
704 2000 868 2035 Tullium
892 2000 1128 2045 Ciceronem,
1153 2000 1213 2035 cui
1235 1999 1406 2035 undecim
1427 2013 1544 2036 annos
1569 2013 1700 2048 super—

329 2068 400 2096 stes
419 2061 496 2095 fuit.

381 2123 426 2155 In
452 2121 629 2155 lecticula.
654 2121 840 2155 Lecticula
872 2121 1010 2157 scilicet
1038 2121 1202 2166 funebri,
1234 2122 1438 2158 nobiliores
1469 2131 1504 2159 et
1528 2123 1699 2166 ditiores;

330 2183 442 2217 ceteri
472 2182 678 2229 sandapila
701 2181 961 2217 efferebantur.

379 2242 489 2277 Attici
501 2242 703 2278 meminere
714 2243 843 2278 Cicero
856 2244 1007 2290 passim,
1018 2244 1172 2288 Seneca,
1186 2244 1346 2290 Plinius,
1361 2246 1451 2281 Hist.
1466 2246 1697 2289 nat.,Varro,

328 2303 545 2346 Suetonius,
570 2309 638 2337 etc.

776 2473 1254 2488 ·--⁴—·-—-———-
