1859 3310
327 251 345 274 2
352 238 370 272 3
377 239 397 273 «¹3
925 242 957 276 N
965 243 1031 277 OT
1038 244 1078 277 AE

376 325 458 360 Car.
483 325 546 360 IX.
567 326 779 373 Amplior-as
801 328 1006 372 complures
1023 329 1183 374 complet
1197 327 1360 374 plumbo.
1390 328 1475 362 Haec
1498 328 1620 364 fabula
1643 341 1689 364 cx

324 386 457 420 Craecis
479 386 598 421 adhuc
615 392 791 420 renovata
818 392 882 420 cst.
905 387 1013 432 Apud
1037 387 1289 431 Herodotum,
1318 401 1391 432 111,
1419 387 1510 432 123,
1533 390 1693 433 Oraetes,

324 445 370 480 ad
400 446 600 481 fallendum
630 447 876 493 Polycratem,
903 453 987 482 octo
1020 460 1120 483 arcas
1147 448 1332 496 lapidibus
1363 449 1532 496 implevit
1559 457 1693 496 praeter

323 506 524 542 admodum
549 518 700 554 parvam
722 513 864 553 partem
891 506 987 542 circa
1011 507 1108 554 ipsas
1131 521 1234 554 oras,
1259 510 1374 557 iisque
1393 509 1472 545 auri
1493 522 1571 545 nou
1598 510 1692 545 nihil

322 567 569 615 superinjecit.

374 628 536 675 Deponit
554 628 590 662 in
609 630 744 676 templo
767 629 915 664 Dianoe.
937 630 991 664 Ita
1010 630 1180 664 solebant
1200 637 1360 673 veteres,
1379 637 1534 677 propter
1553 630 1690 665 sancti-

322 697 432 724 tatem
450 689 522 725 loci
545 695 580 723 et
603 688 846 724 securitatem.

372 751 453 786 (Lm.
478 751 526 786 X.
556 751 620 784 Ad
648 750 832 784 Prusiam.
866 750 1044 797 Bithyniae
1071 762 1207 798 regem.
1228 752 1284 786 De
1307 764 1381 797 quo
1409 753 1558 787 consule
1581 752 1692 800 Poly-

322 813 441 856 bium,
472 810 635 855 Livium,
662 810 888 858 Appianum,
916 811 1121 855 Justiuum,
1151 819 1218 846 etc.
1241 812 1369 846 Exstat
1390 811 1530 858 effigies
1552 812 1627 858 ejus
1655 813 1693 846 in

323 873 481 909 nummis
501 872 706 916 veteribus,
728 872 888 919 itemque
916 872 954 906 in
973 872 1163 907 nonnullis
1184 872 1337 919 gemmis
1358 873 1609 907 annularibus.
1632 873 1694 907 Vi-

319 937 367 969 de
385 934 568 981 imprimis
586 935 632 968 D.
653 934 842 977 Mionnct,
861 935 987 968 Descr.
1008 935 1073 968 (les
1091 935 1207 977 me'd„
1229 940 1319 969 tom.
1333 946 1381 977 11,
1401 945 1485 981 pag.
1506 933 1600 977 5043
1622 934 1696 968 Ur-

319 996 392 1031 sini
418 995 599 1043 Imagines
626 995 1039 1040 illustrium3Patinum,
1058 995 1096 1030 in
1123 995 1328 1038 Thesauro,
1354 1007 1383 1030 c.
1407 1008 1461 1039 11,
1486 1001 1522 1030 et
1547 996 1604 1030 Jo.
1624 995 1697 1029 Fa-

319 1058 447 1100 brum,
467 1068 569 1091 num.
600 1068 680 1091 120.

371 1119 623 1166 Pergamenus
644 1131 712 1153 rex
730 1119 925 1154 Eumenes.
946 1117 1056 1164 Cujus
1083 1116 1178 1153 filius
1202 1119 1343 1153 Attalus
1364 1118 1546 1165 populum
1565 1129 1694 1152 roma-

320 1193 407 1215 num
429 1179 537 1227 regni
563 1180 619 1214 sui
643 1180 818 1215 heredem
844 1180 1013 1215 instituit.
1045 1179 1136 1214 Vide
1154 1181 1335 1224 Fromm,
1357 1192 1389 1213 11
1403 1206 1412 1223 ‚
1433 1191 1491 1214 20.

371 1242 548 1275 Romanis
570 1241 820 1275 amicissimus.
857 1242 965 1275 Hunc
998 1240 1263 1287 φιλορώμαιον,
1288 1243 1324 1276 in
1364 1240 1503 1275 Catone
1533 1239 1695 1284 majore,

318 1314 396 1349 cap.
422 1314 517 1345 vm,
541 1302 754 1336 Plutarchus
784 1308 902 1336 vocat.
934 1318 948 1333 rt
977 1302 1068 1336 Asiae
1094 1314 1160 1337 rex
1189 1303 1391 1346 Eumenes,
1423 1301 1696 1336 amantissimus

319 1369 453 1397 nostrae
478 1362 602 1405 urbis,
624 1378 638 1392 »
663 1362 713 1395 ait
734 1362 813 1396 Val.
834 1362 1039 1406 Maximus,
1065 1375 1096 1396 11
1110 1389 1120 1406 ,
1141 1375 1174 1397 2.

372 1423 452 1457 CAP.
480 1424 548 1458 XI.
572 1423 662 1457 Cum
679 1423 851 1457 caduceo.
876 1422 992 1470 Signo
1018 1422 1214 1469 legationis
1235 1422 1274 1457 in
1297 1434 1410 1469 prora
1432 1422 1535 1456 navis
1560 1420 1696 1456 defixo.

372 1485 454 1519 Car.
478 1486 564 1519 XII.
589 1484 786 1519 Venenum.
808 1485 956 1519 Annulo
982 1484 1182 1529 inclusum,
1201 1492 1240 1518 ut
1265 1484 1415 1532 quidam
1435 1484 1601 1519 fabulose
1626 1491 1700 1517 tra-

320 1546 422 1581 dunt.
449 1545 592 1589 Livius,
616 1557 761 1588 XXXIX,
783 1544 849 1589 51,
866 1546 986 1581 verius
1010 1545 1121 1581 dicit:
1146 1563 1160 1577 «
1180 1547 1358 1581 Poculum
1379 1545 1558 1581 exhausit.
1582 1561 1596 1576 »
1632 1546 1699 1579 Ce-

320 1615 438 1642 terum
461 1607 567 1653 hujus
590 1607 628 1641 in
652 1607 782 1641 mortis
805 1619 939 1654 genere
965 1607 1174 1654 discrepant
1197 1614 1374 1642 auctores.

372 1671 427 1705 De
450 1669 654 1713 Annibale,
678 1669 862 1716 praecipue
887 1669 1089 1717 Polybius,
1114 1669 1322 1716 Appianus,
1347 1668 1494 1712 Livius,
1515 1667 1701 1711 Justimis,

320 1730 540 1778 Eutropius,
566 1737 652 1774 etc.,
677 1737 714 1765 et
739 1730 839 1778 apud
864 1743 953 1775 nos,
976 1731 1119 1773 Rollin,
1145 1732 1279 1765 Venot.
1306 1728 1455 1777 Effigies
1479 1729 1555 1776 ejus
1585 1736 1701 1764 exstat

320 1794 358 1828 in
380 1804 533 1827 nummo
557 1791 619 1838 qui
644 1804 756 1839 penes
779 1804 837 1827 me
863 1798 937 1835 est,
957 1791 1008 1827 ait
1031 1792 1181 1836 Bosius,
1204 1804 1285 1826 cum
1304 1791 1547 1838 inscriptione
1575 1804 1582 1824 :
1609 1793 1700 1826 AN-

320 1856 462 1890 NIBAA
488 1854 673 1889 ΠΟΙΝΟΣ
699 1851 885 1902 (Annibal
901 1853 1082 1903 Poenus)‚·
1104 1853 1143 1888 111
1167 1853 1321 1888 adversa
1345 1859 1449 1900 parte
1475 1851 1702 1899 conspicitur

320 1917 465 1963 Jupiter
495 1915 707 1951 seminudus
741 1915 890 1959 sedem,
922 1915 1051 1950 dextra
1082 1914 1240 1958 fulmen,
1265 1914 1411 1949 sinistra
1440 1920 1624 1961 sceptrum
1646 1919 1701 1947 te-

320 1990 430 2022 nens,
455 1984 491 2013 et
512 1979 646 2013 ΔΟΞΑ
671 1975 760 2025 (pro
784 1974 940 2018 ΔΟΞΑ)
971 1976 1087 2011 ΔΙΟΣ
1117 1974 1257 2024 (gloria
1279 1973 1409 2024 Jovztv).
1438 1974 1512 2010 Sed
1543 1973 1605 2009 vix
1636 1974 1702 2009 du-

322 2039 419 2082 bito,
433 2039 678 2073 recentiorem
693 2050 734 2072 ac
752 2037 1027 2085 supposititium
1046 2050 1141 2081 esse;
1165 2050 1206 2071 ac
1226 2036 1304 2071 vidi
1326 2036 1498 2071 eumdem
1512 2043 1640 2083 typum
1661 2035 1701 2069 111

322 2112 416 2135 aereo
441 2099 486 2134 H.
516 2100 665 2142 Meieri,
699 2099 913 2134 ecclesiastae
950 2098 1172 2145 Lipsiensis,
1200 2098 1265 2132 sed
1292 2097 1330 2131 in
1354 2098 1467 2132 altera
1491 2104 1596 2144 parte
1623 2103 1701 2131 erat

322 2168 434 2209 caput
456 2160 660 2196 Aristotelis
679 2172 761 2195 cum
785 2159 841 2194 his
863 2159 1001 2194 circum
1025 2158 1154 2194 litteris
1175 2173 1182 2193 ;
1204 2159 1582 2195 ΑΡΙΣΤΟΤΕΛΟΥΣ
1604 2159 1703 2193 ΤΟΥ

323 2221 629 2258 ΝΙΚΟΜΑΧΟΤ.
664 2222 775 2256 Plane
810 2220 916 2268 quale
948 2226 1001 2254 est
1024 2219 1063 2254 in
1087 2227 1263 2267 argenteo
1291 2233 1398 2264 meo,
1425 2220 1524 2266 cujus
1549 2219 1703 2255 adversa

323 2284 432 2318 facies
452 2284 602 2318 exhibet
619 2289 790 2317 naturam
811 2280 1129 2316 multimammiam
1142 2308 1151 2325 ,
1169 2288 1323 2328 utraque
1343 2294 1454 2316 manu
1477 2281 1614 2315 fructus
1636 2292 1702 2328 ge⁴

324 2352 483 2389 rentem,
508 2357 591 2379 cum
618 2343 860 2390 inscriptione
884 2343 1029 2377 ΦὙΣΙΣ
1062 2344 1346 2379 ΠΑΝΑΙΟΛΟΣ
1375 2341 1534 2389 (natura
1555 2343 1703 2377 omnino

330 2404 465 2455 uaria).
490 2405 662 2440 Habebat
684 2404 783 2439 idem
801 2404 961 2439 Meierus
985 2411 1021 2439 et
1046 2411 1278 2451 argenteum,
1298 2405 1337 2439 in
1359 2417 1433 2451 quo
1453 2411 1561 2450 caput
1579 2403 1699 2438 Auni-

329 2466 418 2502 halis
453 2479 534 2501 cum
568 2467 637 2501 hac
671 2465 912 2512 inscriptione
939 2479 946 2500 :
971 2466 1085 2500 ILLE
1109 2465 1382 2508 HANNIBAL,
1415 2465 1547 2504 detrita
1576 2464 1701 2511 priore

328 2528 425 2563 illius
446 2534 562 2574 parte.
583 2526 757 2572 Ejusdem
776 2533 885 2573 caput
907 2539 926 2561 e
945 2538 1098 2561 nummo
1112 2533 1288 2573 argenteo
1307 2526 1579 2561 tetradrachmo
1599 2525 1702 2559 exbi—

330 2589 419 2623 bent
440 2587 623 2635 Imagines
645 2586 791 2630 Ursini,
810 2599 911 2620 num.
933 2586 1002 2626 63,
1023 2599 1095 2621 una
1120 2599 1202 2621 cum
1222 2586 1352 2621 litteris
1377 2585 1539 2633 punicis,
1562 2598 1701 2621 nomen

331 2648 405 2693 ejus
429 2646 490 2697 (ut
515 2648 656 2691 aiebat,
675 2646 775 2693 cujus
801 2648 830 2681 is
858 2660 1026 2682 nummus
1045 2647 1129 2690 suit,
1151 2648 1278 2681 Petrus
1300 2646 1549 2694 Contarenus)
1572 2646 1700 2693 expri—
