1859 3310
640 222 999 257 EPAMINONDAS.
1460 226 1480 259 8
1490 238 1502 259 1

136 308 254 366 quod
279 318 377 368 post
406 308 628 368 apparuit,
664 315 711 348 ut
748 305 908 348 auxilio
937 307 1157 349 sociorum
1191 307 1508 350 Lacedaemonii

137 388 426 446 privarentur.

200 467 297 509 VII.
324 466 473 508 Fuisse
500 466 759 524 patientem,
793 481 1059 525 suorumque
1093 466 1272 526 injurias
1301 465 1511 509 ferentem

140 545 322 598 civium,
351 542 468 602 quod
494 560 537 586 se
574 545 725 603 patriae
765 544 892 587 irasci
919 544 1037 588 nefas
1068 561 1158 588 esse
1195 544 1399 601 duceret,
1423 544 1514 587 haec

140 632 243 666 sunt
267 622 528 666 testimonia.
554 623 706 679 Quum
727 640 826 666 eum
851 634 1029 684 propter
1046 624 1254 667 invidiam
1273 625 1386 667 cives
1410 640 1517 683 prae-

139 701 268 744 ficere
304 702 513 744 exercitui
539 701 807 758 noluissent,
833 703 1007 763 duxque
1041 713 1152 747 esset
1184 702 1378 747 delectus
1413 702 1517 746 belli

140 781 390 840 imperitus,
414 782 537 841 cujus
568 798 714 825 errore
745 799 796 826 eo
821 793 932 826 esset
969 783 1155 826 deducta
1181 782 1254 826 illa
1280 782 1519 826 multitudo

142 858 353 916 militum,
383 869 432 903 ut
453 876 604 904 omnes
629 861 681 904 de
707 861 844 905 salute
864 863 1240 922 pertimescerent,
1261 862 1379 921 quod
1397 861 1519 905 loco-

144 955 244 981 rum
268 941 480 999 angustiis
510 939 645 983 clausi
677 941 729 983 ab
762 941 962 985 hostibus
986 941 1301 985 obsidebantur
1319 975 1330 995 ,
1354 940 1520 985 deside·

143 1019 231 1062 rari
256 1028 397 1078 coepta
422 1029 486 1062 est
507 1020 819 1079 Epaminondae
844 1020 1082 1081 diligentia.
1102 1023 1206 1064 Erat
1226 1021 1343 1063 enim
1359 1020 1418 1064 ibi
1440 1021 1524 1080 pri-

141 1107 288 1154 vatus,
315 1115 498 1142 numero
523 1098 686 1142 militis.
703 1102 739 1143 A
757 1116 844 1159 quo
868 1116 1003 1160 quum
1027 1109 1227 1160 peterent
1249 1116 1402 1160 opem,
1427 1099 1524 1144 nul-

144 1177 232 1221 lam
259 1177 460 1222 adhibuit
482 1169 740 1223 memoriam
765 1179 1067 1234 contumeliae,
1090 1190 1133 1223 et
1159 1181 1421 1237 exercitum,
1450 1181 1526 1224 ob-

145 1257 312 1302 sidione
344 1258 605 1314 liberatum,
645 1259 826 1303 domum
855 1260 1031 1304 reduxit
1064 1260 1342 1304 incolumem.
1371 1262 1525 1320 Neque

146 1355 252 1382 vero
275 1339 360 1382 hoc
384 1338 514 1383 semel
538 1339 658 1395 fecit,
685 1340 759 1383 sed
783 1342 951 1401 saepius.
978 1342 1169 1384 Maxime
1197 1351 1342 1384 autem
1369 1341 1452 1384 fuit
1477 1340 1526 1384 il-

147 1417 304 1473 lustre,
331 1436 466 1479 quum
501 1420 544 1462 in
579 1418 932 1479 Peloponnesum
961 1421 1200 1463 exercitum
1236 1420 1429 1464 duxisset
1454 1420 1527 1464 ad-

148 1514 298 1542 versus
324 1498 700 1554 Lacedaemonios,
729 1499 996 1559 haberetque
1036 1499 1223 1561 collegas
1256 1500 1390 1557 duos,
1416 1517 1527 1561 quo-

147 1595 246 1622 rum
280 1577 389 1622 alter
426 1589 520 1622 erat
554 1578 806 1639 Pelopidas,
844 1580 911 1622 vir
941 1579 1064 1622 fortis
1103 1596 1153 1623 ac
1190 1590 1405 1624 strenuus.
1444 1582 1527 1625 Hic

148 1675 285 1718 quum
311 1659 568 1718 criminibus
594 1658 941 1702 adversariorum
968 1676 1117 1702 omnes
1151 1661 1196 1702 in
1222 1659 1432 1703 invidiam
1459 1677 1529 1704 ve-

149 1738 335 1794 nissent,
364 1738 419 1781 ob
443 1754 625 1797 eamque
647 1754 740 1781 rem
767 1738 1000 1798 imperium
1023 1739 1090 1782 his
1112 1749 1224 1782 esset
1248 1739 1528 1800 abrogatum,

149 1828 281 1878 atque
304 1819 350 1860 in
379 1833 530 1861 eorum
560 1817 706 1860 locum
734 1816 806 1860 alii
831 1827 1037 1877 praetores
1065 1819 1393 1874 successissent;
1415 1821 1530 1879 Epa-

150 1897 380 1941 minondas
409 1895 675 1957 populiscito
703 1914 791 1940 non
820 1899 986 1957 paruit,
1021 1897 1223 1958 idemque
1256 1909 1305 1942 ut
1336 1899 1531 1942 facerent

152 1978 365 2038 persuasit
407 1976 609 2038 collegis,
651 1987 694 2020 et
732 1976 896 2020 bellum
935 1978 1054 2037 quod
1095 1989 1347 2039 susceperat
1384 1979 1528 2040 gessit.

151 2059 355 2117 Namque
379 2056 773 2113 animadvertebat,
803 2058 885 2100 nisi
910 2057 954 2100 id
983 2057 1173 2114 fecisset,
1202 2068 1345 2101 totum
1365 2060 1529 2102 exerci-

155 2147 248 2181 tum
289 2147 471 2198 propter
516 2146 753 2197 praetorum
792 2136 1132 2197 imprudentiam
1171 2139 1531 2198 inscientiamque

154 2215 256 2260 belli
287 2217 546 2276 periturum.
576 2218 665 2260 Lex
691 2226 784 2259 erat
811 2217 973 2259 Thebis
1003 2233 1098 2276 quae
1126 2228 1267 2260 morte
1297 2216 1530 2272 multabat,

157 2299 192 2342 si
215 2298 311 2356 quis
335 2297 568 2356 imperium
592 2295 756 2339 diutius
786 2297 1039 2339 retinuisset
1074 2313 1204 2355 quam
1245 2293 1338 2355 lege
1378 2296 1533 2357 praesi-

159 2378 300 2420 nitum
325 2375 437 2419 foret
460 2392 468 2418 ε
492 2375 606 2418 hanc
630 2374 978 2434 Epaminondas,
1002 2392 1136 2434 quum
1159 2376 1408 2435 reipublicae
1432 2392 1534 2419 con-

159 2454 377 2500 servandae
415 2471 544 2498 causa
581 2453 710 2497 latam
750 2453 939 2509 videret,
978 2453 1032 2496 ad
1068 2455 1306 2514 perniciem
1348 2456 1534 2498 civitatis

161 2535 356 2579 conferre
380 2532 548 2589 noluit,
573 2543 616 2576 et
641 2543 828 2593 quatuor
858 2534 1078 2577 mensibus
1103 2533 1267 2578 diutius
1298 2551 1429 2594 quam
1457 2552 1536 2595 po-

164 2614 291 2675 pulus
315 2616 500 2676 jusserat
525 2613 654 2673 gessit
677 2614 925 2673 imperium.

1318 2692 1346 2735 6
