1859 3310
277 217 332 228 ἈἋ
337 218 893 233 ΜΜΜΜΕΜΜΜΜΙ
897 219 1136 232 mmm*
1143 217 1388 232 §mmmmm
1392 218 1572 233 mm
1576 221 1637 233 m

881 415 1036 459 XVII.

675 628 1245 699 AGESILAUS.

283 1034 591 1132 AGESILAUS,
626 1075 1005 1132 Lacedaemonius,
1045 1093 1179 1136 quum
1220 1094 1242 1120 a
1278 1078 1431 1121 ceteris
1467 1078 1647 1138 scripto-

283 1155 422 1211 ribus,
452 1165 546 1199 tum
569 1156 725 1199 eximie
755 1172 779 1199 a
806 1157 1099 1216 Xenophonte
1133 1158 1353 1200 Socratico
1379 1156 1649 1201 collaudatus

285 1243 376 1277 est:
402 1251 453 1278 eo
484 1235 601 1278 enim
637 1252 739 1278 usus
776 1245 840 1278 est
878 1235 1223 1279 familiarissime.
1258 1237 1340 1279 Hic
1376 1238 1567 1296 primum
1598 1235 1651 1280 de

286 1330 419 1374 regno
462 1330 560 1357 cum
588 1314 880 1373 Leotychide,
916 1314 1061 1357 fratris
1087 1314 1196 1370 filio,
1221 1315 1374 1358 habuit
1407 1316 1652 1359 contentio·

289 1408 401 1435 nem.
426 1394 525 1435 Mos
549 1403 614 1435 est
640 1394 755 1435 enim
777 1410 801 1435 a
823 1394 1061 1453 majoribus
1082 1394 1421 1437 Lacedaemoniis
1446 1394 1651 1450 traditus,

288 1481 337 1514 ut
364 1471 472 1514 duos
496 1471 707 1515 haberent
727 1489 896 1532 semper
919 1489 1057 1534 reges,
1078 1474 1254 1516 nomine
1270 1474 1405 1534 magis
1426 1490 1554 1532 quan]
1574 1474 1654 1515 im-

290 1551 428 1611 perio,
468 1568 520 1594 ex
555 1550 723 1594 duabus
750 1551 922 1595 familiis
950 1551 1116 1596 Proclis
1157 1563 1199 1595 et
1234 1554 1537 1612 Eurysthenis,
1581 1553 1655 1612 qui

290 1631 506 1690 principes
530 1647 582 1674 ex
604 1631 811 1691 progenie
828 1630 1029 1675 Herculis
1043 1634 1207 1692 Spartae
1231 1648 1351 1692 reges
1369 1629 1557 1675 fuerunt.
1574 1634 1658 1675 Ha-

290 1725 389 1752 rum
420 1726 471 1753 ex
499 1708 635 1753 altera
662 1711 704 1752 in
733 1708 909 1753 alterius
943 1710 1115 1754 familiae
1144 1710 1287 1754 locum
1319 1711 1411 1754 fieri
1440 1728 1528 1754 non
1552 1710 1657 1754 liee-

290 1788 389 1844 bat3
422 1789 568 1848 itaque
601 1799 786 1849 utraque
814 1806 939 1833 suum
971 1790 1186 1833 retinebat
1216 1790 1426 1834 ordinem.
1462 1791 1657 1833 Primum

292 1868 403 1911 ratio
427 1867 687 1924 habebatur,
713 1869 787 1928 qui
813 1869 1025 1912 maximus
1058 1879 1161 1912 natu
1187 1879 1298 1912 esset
1325 1886 1375 1912 ex
1397 1868 1541 1912 liberis
1570 1870 1660 1929 ejus

296 1948 371 2006 qui
401 1963 584 2007 regnans
610 1947 875 1992 decessisset.
901 1949 976 1991 Sin
1005 1949 1038 1991 is
1071 1947 1239 1991 virilem
1267 1965 1414 1991 sexum
1444 1965 1531 1991 non
1564 1947 1663 1991 reli-

296 2026 478 2085 quisset,
505 2036 598 2070 tum
623 2026 895 2087 deligebatur
923 2028 997 2087 qui
1024 2028 1246 2087 proximus
1268 2038 1377 2070 esset
1410 2028 1662 2087 propinqui-

297 2114 396 2148 tate.
423 2107 628 2149 Mortuus
651 2116 744 2149 erat
765 2108 867 2167 Agis
893 2124 987 2162 rex,
1009 2107 1140 2150 frater
1166 2106 1379 2167 Agesilai,
1404 2105 1540 2150 filium
1562 2106 1662 2149 reli-

297 2195 452 2245 querat
466 2185 799 2246 Leotychidem,
819 2203 947 2245 qucm
963 2186 1033 2230 ille
1054 2197 1204 2229 natum
1221 2204 1305 2229 non
1324 2196 1524 2246 agnorat,
1541 2202 1664 2229 eum-

299 2264 397 2308 dem
421 2266 611 2308 moriens
640 2282 767 2308 suum
791 2282 881 2308 esse
906 2265 1084 2308 dixerat.
1112 2268 1153 2308 Is
1174 2265 1225 2308 de
1243 2266 1406 2309 honore
1429 2266 1663 2326 regnicum

301 2343 519 2405 Agesilao,
545 2361 622 2388 suo
645 2354 820 2405 patruo,
849 2344 1093 2398 contendit,
1127 2362 1266 2405 neque
1293 2345 1335 2388 id
1361 2345 1477 2405 quod
1512 2345 1666 2404 petivit

302 2433 558 2467 consecutus
585 2434 662 2467 est.
697 2425 810 2467 Nam
836 2424 1061 2483 Lysandro
1088 2424 1374 2484 suffragante,
1402 2425 1594 2477 homine,
1620 2433 1665 2466 ut

303 2503 569 2547 ostendimus
601 2521 753 2564 supra,
776 2504 976 2559 factioso,
1006 2514 1046 2546 et
1083 2504 1148 2548 his
1180 2504 1445 2563 temporibus
1472 2512 1664 2563 potente,

304 2582 523 2643 Agesilaus
548 2583 761 2627 antelatus
789 2594 863 2627 est.
