<?xml version="1.0" encoding="UTF-8"?>
<!DOCTYPE html PUBLIC "-//W3C//DTD XHTML 1.0 Transitional//EN"
    "http://www.w3.org/TR/xhtml1/DTD/xhtml1-transitional.dtd">
<html xmlns="http://www.w3.org/1999/xhtml" xml:lang="en" lang="en">
 <head>
  <title>
</title>
<meta http-equiv="Content-Type" content="text/html;charset=utf-8" />
  <meta name='ocr-system' content='tesseract 3.04.00' />
  <meta name='ocr-capabilities' content='ocr_page ocr_carea ocr_par ocr_line ocrx_word'/>
</head>
<body>
  <div class='ocr_page' id='page_1' title='image "./operanepo00nepouoft_0124.png"; bbox 0 0 1859 3310; ppageno 0'>
   <div class='ocr_carea' id='block_1_1' title="bbox 345 174 1710 194">
    <p class='ocr_par' dir='ltr' id='par_1_1' title="bbox 345 174 1710 194">
     <span class='ocr_line' id='line_1_1' title="bbox 345 174 1710 194; baseline -0.002 0"><span class='ocrx_word' id='word_1_1' title='bbox 345 177 1270 194; x_wconf 56' lang='lat' dir='ltr'>wmwwwwwwwmuwwwwmmwmwwxus</span> <span class='ocrx_word' id='word_1_2' title='bbox 1275 176 1331 188; x_wconf 67' lang='lat' dir='ltr'>m</span> <span class='ocrx_word' id='word_1_3' title='bbox 1336 178 1397 190; x_wconf 62' lang='lat' dir='ltr'>§.m</span> <span class='ocrx_word' id='word_1_4' title='bbox 1403 174 1710 191; x_wconf 56' lang='lat' dir='ltr'>mmbmmwww</span> 
     </span>
    </p>
   </div>
   <div class='ocr_carea' id='block_1_2' title="bbox 960 375 1092 418">
    <p class='ocr_par' dir='ltr' id='par_1_2' title="bbox 960 375 1092 418">
     <span class='ocr_line' id='line_1_2' title="bbox 960 375 1092 418; baseline -0.008 -1"><span class='ocrx_word' id='word_1_5' title='bbox 960 375 1092 418; x_wconf 90' lang='lat' dir='ltr'>XIX.</span> 
     </span>
    </p>
   </div>
   <div class='ocr_carea' id='block_1_3' title="bbox 795 589 1258 657">
    <p class='ocr_par' dir='ltr' id='par_1_3' title="bbox 795 589 1258 657">
     <span class='ocr_line' id='line_1_3' title="bbox 795 589 1258 657; baseline 0 -1"><span class='ocrx_word' id='word_1_6' title='bbox 795 589 1258 657; x_wconf 87' lang='lat' dir='ltr'><strong>PHOCION.</strong></span> 
     </span>
    </p>
   </div>
   <div class='ocr_carea' id='block_1_4' title="bbox 337 1017 1717 2541">
    <p class='ocr_par' dir='ltr' id='par_1_4' title="bbox 337 1017 1717 2302">
     <span class='ocr_line' id='line_1_4' title="bbox 344 1017 1712 1113; baseline -0.004 -15"><span class='ocrx_word' id='word_1_7' title='bbox 344 1017 592 1106; x_wconf 70' lang='lat' dir='ltr'>RiocmN,</span> <span class='ocrx_word' id='word_1_8' title='bbox 628 1052 924 1109; x_wconf 82' lang='lat' dir='ltr'><strong>Atheniensis,</strong></span> <span class='ocrx_word' id='word_1_9' title='bbox 958 1052 1038 1096; x_wconf 89' lang='lat' dir='ltr'>etsi</span> <span class='ocrx_word' id='word_1_10' title='bbox 1076 1068 1187 1113; x_wconf 85' lang='lat' dir='ltr'>saepe</span> <span class='ocrx_word' id='word_1_11' title='bbox 1222 1050 1480 1096; x_wconf 82' lang='lat' dir='ltr'>exercitibus</span> <span class='ocrx_word' id='word_1_12' title='bbox 1517 1049 1712 1111; x_wconf 73' lang='lat' dir='ltr'>praefuit,</span> 
     </span>
     <span class='ocr_line' id='line_1_5' title="bbox 343 1129 1714 1192; baseline -0.003 -16"><span class='ocrx_word' id='word_1_13' title='bbox 343 1149 619 1192; x_wconf 87' lang='lat' dir='ltr'>summosque</span> <span class='ocrx_word' id='word_1_14' title='bbox 645 1132 922 1192; x_wconf 84' lang='lat' dir='ltr'>magistratus</span> <span class='ocrx_word' id='word_1_15' title='bbox 946 1132 1077 1192; x_wconf 84' lang='lat' dir='ltr'>cepit3</span> <span class='ocrx_word' id='word_1_16' title='bbox 1110 1141 1255 1175; x_wconf 89' lang='lat' dir='ltr'>tamen</span> <span class='ocrx_word' id='word_1_17' title='bbox 1284 1129 1424 1174; x_wconf 89' lang='lat' dir='ltr'>multo</span> <span class='ocrx_word' id='word_1_18' title='bbox 1452 1130 1543 1189; x_wconf 87' lang='lat' dir='ltr'>ejus</span> <span class='ocrx_word' id='word_1_19' title='bbox 1569 1129 1714 1173; x_wconf 89' lang='lat' dir='ltr'>notior</span> 
     </span>
     <span class='ocr_line' id='line_1_6' title="bbox 343 1209 1714 1272; baseline -0.003 -17"><span class='ocrx_word' id='word_1_20' title='bbox 343 1213 564 1272; x_wconf 82' lang='lat' dir='ltr'>integritas</span> <span class='ocrx_word' id='word_1_21' title='bbox 591 1221 655 1255; x_wconf 88' lang='lat' dir='ltr'>est</span> <span class='ocrx_word' id='word_1_22' title='bbox 679 1213 796 1267; x_wconf 87' lang='lat' dir='ltr'>vitae,</span> <span class='ocrx_word' id='word_1_23' title='bbox 823 1228 954 1270; x_wconf 90' lang='lat' dir='ltr'>quam</span> <span class='ocrx_word' id='word_1_24' title='bbox 979 1211 1039 1255; x_wconf 84' lang='lat' dir='ltr'>rei</span> <span class='ocrx_word' id='word_1_25' title='bbox 1071 1209 1267 1254; x_wconf 89' lang='lat' dir='ltr'>militaris</span> <span class='ocrx_word' id='word_1_26' title='bbox 1292 1209 1427 1253; x_wconf 84' lang='lat' dir='ltr'>labor.</span> <span class='ocrx_word' id='word_1_27' title='bbox 1456 1212 1608 1269; x_wconf 89' lang='lat' dir='ltr'>Itaque</span> <span class='ocrx_word' id='word_1_28' title='bbox 1633 1209 1714 1251; x_wconf 91' lang='lat' dir='ltr'>hu-</span> 
     </span>
     <span class='ocr_line' id='line_1_7' title="bbox 337 1288 1712 1350; baseline -0.002 -16"><span class='ocrx_word' id='word_1_29' title='bbox 337 1291 409 1350; x_wconf 89' lang='lat' dir='ltr'>jus</span> <span class='ocrx_word' id='word_1_30' title='bbox 440 1292 646 1334; x_wconf 85' lang='lat' dir='ltr'>memoria</span> <span class='ocrx_word' id='word_1_31' title='bbox 681 1301 745 1334; x_wconf 91' lang='lat' dir='ltr'>est</span> <span class='ocrx_word' id='word_1_32' title='bbox 779 1289 919 1346; x_wconf 86' lang='lat' dir='ltr'>nulla,</span> <span class='ocrx_word' id='word_1_33' title='bbox 950 1289 1063 1333; x_wconf 90' lang='lat' dir='ltr'>illius</span> <span class='ocrx_word' id='word_1_34' title='bbox 1098 1300 1243 1333; x_wconf 87' lang='lat' dir='ltr'>autem</span> <span class='ocrx_word' id='word_1_35' title='bbox 1278 1306 1434 1350; x_wconf 86' lang='lat' dir='ltr'>magna</span> <span class='ocrx_word' id='word_1_36' title='bbox 1466 1288 1579 1332; x_wconf 87' lang='lat' dir='ltr'>fama</span> <span class='ocrx_word' id='word_1_37' title='bbox 1615 1305 1624 1331; x_wconf 91' lang='lat'><strong>:</strong></span> <span class='ocrx_word' id='word_1_38' title='bbox 1662 1304 1712 1331; x_wconf 82' lang='lat' dir='ltr'>ex</span> 
     </span>
     <span class='ocr_line' id='line_1_8' title="bbox 343 1367 1713 1430; baseline -0.003 -16"><span class='ocrx_word' id='word_1_39' title='bbox 343 1387 429 1430; x_wconf 87' lang='lat' dir='ltr'>quo</span> <span class='ocrx_word' id='word_1_40' title='bbox 455 1370 711 1430; x_wconf 82' lang='lat' dir='ltr'>cognomine</span> <span class='ocrx_word' id='word_1_41' title='bbox 740 1372 890 1413; x_wconf 76' lang='lat' dir='ltr'>Bonus</span> <span class='ocrx_word' id='word_1_42' title='bbox 921 1378 984 1412; x_wconf 90' lang='lat' dir='ltr'>est</span> <span class='ocrx_word' id='word_1_43' title='bbox 1010 1367 1263 1430; x_wconf 85' lang='lat' dir='ltr'>appellatus.</span> <span class='ocrx_word' id='word_1_44' title='bbox 1290 1370 1390 1412; x_wconf 87' lang='lat' dir='ltr'>Fuit</span> <span class='ocrx_word' id='word_1_45' title='bbox 1420 1368 1535 1412; x_wconf 91' lang='lat' dir='ltr'>enim</span> <span class='ocrx_word' id='word_1_46' title='bbox 1560 1383 1713 1427; x_wconf 87' lang='lat' dir='ltr'>perpe-</span> 
     </span>
     <span class='ocr_line' id='line_1_9' title="bbox 342 1445 1717 1510; baseline -0.003 -17"><span class='ocrx_word' id='word_1_47' title='bbox 342 1459 418 1493; x_wconf 88' lang='lat' dir='ltr'>tuo</span> <span class='ocrx_word' id='word_1_48' title='bbox 444 1466 624 1510; x_wconf 80' lang='lat' dir='ltr'>pauper,</span> <span class='ocrx_word' id='word_1_49' title='bbox 651 1466 786 1508; x_wconf 89' lang='lat' dir='ltr'>quum</span> <span class='ocrx_word' id='word_1_50' title='bbox 816 1448 1094 1492; x_wconf 84' lang='lat' dir='ltr'>divitissimus</span> <span class='ocrx_word' id='word_1_51' title='bbox 1125 1465 1215 1492; x_wconf 88' lang='lat' dir='ltr'>esse</span> <span class='ocrx_word' id='word_1_52' title='bbox 1243 1457 1407 1509; x_wconf 87' lang='lat' dir='ltr'>posset,</span> <span class='ocrx_word' id='word_1_53' title='bbox 1430 1456 1609 1508; x_wconf 86' lang='lat' dir='ltr'>propter</span> <span class='ocrx_word' id='word_1_54' title='bbox 1634 1445 1717 1489; x_wconf 85' lang='lat' dir='ltr'>fre-</span> 
     </span>
     <span class='ocr_line' id='line_1_10' title="bbox 341 1526 1716 1590; baseline -0.002 -18"><span class='ocrx_word' id='word_1_55' title='bbox 341 1538 519 1588; x_wconf 88' lang='lat' dir='ltr'>quentes</span> <span class='ocrx_word' id='word_1_56' title='bbox 546 1527 709 1573; x_wconf 90' lang='lat' dir='ltr'>delatos</span> <span class='ocrx_word' id='word_1_57' title='bbox 735 1528 942 1585; x_wconf 86' lang='lat' dir='ltr'>honores,</span> <span class='ocrx_word' id='word_1_58' title='bbox 970 1537 1288 1590; x_wconf 84' lang='lat' dir='ltr'>potestatesque</span> <span class='ocrx_word' id='word_1_59' title='bbox 1314 1543 1525 1583; x_wconf 87' lang='lat' dir='ltr'>summas,</span> <span class='ocrx_word' id='word_1_60' title='bbox 1556 1542 1651 1586; x_wconf 85' lang='lat' dir='ltr'>quae</span> <span class='ocrx_word' id='word_1_61' title='bbox 1677 1526 1716 1569; x_wconf 93' lang='lat' dir='ltr'>ei</span> 
     </span>
     <span class='ocr_line' id='line_1_11' title="bbox 341 1605 1715 1669; baseline -0.003 -17"><span class='ocrx_word' id='word_1_62' title='bbox 341 1624 366 1651; x_wconf 87' lang='lat' dir='ltr'>a</span> <span class='ocrx_word' id='word_1_63' title='bbox 391 1607 555 1669; x_wconf 91' lang='lat' dir='ltr'>populo</span> <span class='ocrx_word' id='word_1_64' title='bbox 582 1607 813 1652; x_wconf 82' lang='lat' dir='ltr'>dabantur.</span> <span class='ocrx_word' id='word_1_65' title='bbox 841 1609 924 1652; x_wconf 91' lang='lat' dir='ltr'>Hic</span> <span class='ocrx_word' id='word_1_66' title='bbox 954 1625 1091 1668; x_wconf 89' lang='lat' dir='ltr'>quum</span> <span class='ocrx_word' id='word_1_67' title='bbox 1123 1624 1147 1651; x_wconf 87' lang='lat' dir='ltr'>a</span> <span class='ocrx_word' id='word_1_68' title='bbox 1174 1623 1274 1667; x_wconf 86' lang='lat' dir='ltr'>rege</span> <span class='ocrx_word' id='word_1_69' title='bbox 1301 1605 1502 1667; x_wconf 85' lang='lat' dir='ltr'>Philippo</span> <span class='ocrx_word' id='word_1_70' title='bbox 1534 1621 1715 1649; x_wconf 88' lang='lat' dir='ltr'>munera</span> 
     </span>
     <span class='ocr_line' id='line_1_12' title="bbox 341 1684 1715 1749; baseline -0.003 -18"><span class='ocrx_word' id='word_1_71' title='bbox 341 1703 507 1748; x_wconf 66' lang='lat' dir='ltr'>magnae</span> <span class='ocrx_word' id='word_1_72' title='bbox 538 1689 729 1749; x_wconf 85' lang='lat' dir='ltr'>pecuniae</span> <span class='ocrx_word' id='word_1_73' title='bbox 761 1687 1029 1749; x_wconf 87' lang='lat' dir='ltr'>repudiaret,</span> <span class='ocrx_word' id='word_1_74' title='bbox 1060 1685 1273 1748; x_wconf 85' lang='lat' dir='ltr'>legatique</span> <span class='ocrx_word' id='word_1_75' title='bbox 1298 1686 1579 1730; x_wconf 83' lang='lat' dir='ltr'>hortarentur</span> <span class='ocrx_word' id='word_1_76' title='bbox 1605 1684 1715 1728; x_wconf 86' lang='lat' dir='ltr'>acci-</span> 
     </span>
     <span class='ocr_line' id='line_1_13' title="bbox 340 1762 1715 1827; baseline -0.002 -17"><span class='ocrx_word' id='word_1_77' title='bbox 340 1783 462 1827; x_wconf 89' lang='lat' dir='ltr'>pere,</span> <span class='ocrx_word' id='word_1_78' title='bbox 496 1766 710 1827; x_wconf 89' lang='lat' dir='ltr'>simulque</span> <span class='ocrx_word' id='word_1_79' title='bbox 748 1767 1050 1821; x_wconf 86' lang='lat' dir='ltr'>admonerent,</span> <span class='ocrx_word' id='word_1_80' title='bbox 1088 1767 1119 1810; x_wconf 91' lang='lat' dir='ltr'>si</span> <span class='ocrx_word' id='word_1_81' title='bbox 1154 1767 1244 1827; x_wconf 90' lang='lat' dir='ltr'>ipse</span> <span class='ocrx_word' id='word_1_82' title='bbox 1273 1766 1339 1809; x_wconf 90' lang='lat' dir='ltr'>his</span> <span class='ocrx_word' id='word_1_83' title='bbox 1375 1762 1497 1808; x_wconf 87' lang='lat' dir='ltr'>facile</span> <span class='ocrx_word' id='word_1_84' title='bbox 1531 1773 1715 1819; x_wconf 85' lang='lat' dir='ltr'>careret,</span> 
     </span>
     <span class='ocr_line' id='line_1_14' title="bbox 341 1843 1713 1908; baseline -0.002 -19"><span class='ocrx_word' id='word_1_85' title='bbox 341 1844 484 1890; x_wconf 90' lang='lat' dir='ltr'>liberis</span> <span class='ocrx_word' id='word_1_86' title='bbox 515 1856 660 1891; x_wconf 89' lang='lat' dir='ltr'>tamen</span> <span class='ocrx_word' id='word_1_87' title='bbox 695 1848 782 1891; x_wconf 89' lang='lat' dir='ltr'>suis</span> <span class='ocrx_word' id='word_1_88' title='bbox 813 1848 1100 1908; x_wconf 87' lang='lat' dir='ltr'>prospiceret,</span> <span class='ocrx_word' id='word_1_89' title='bbox 1136 1847 1293 1906; x_wconf 88' lang='lat' dir='ltr'>quibus</span> <span class='ocrx_word' id='word_1_90' title='bbox 1326 1843 1498 1888; x_wconf 84' lang='lat' dir='ltr'>difficile</span> <span class='ocrx_word' id='word_1_91' title='bbox 1530 1853 1639 1887; x_wconf 90' lang='lat' dir='ltr'>esset</span> <span class='ocrx_word' id='word_1_92' title='bbox 1671 1844 1713 1886; x_wconf 90' lang='lat' dir='ltr'>in</span> 
     </span>
     <span class='ocr_line' id='line_1_15' title="bbox 342 1922 1715 1987; baseline -0.003 -19"><span class='ocrx_word' id='word_1_93' title='bbox 342 1942 510 1969; x_wconf 84' lang='lat' dir='ltr'>summa</span> <span class='ocrx_word' id='word_1_94' title='bbox 541 1936 797 1987; x_wconf 88' lang='lat' dir='ltr'>paupertate</span> <span class='ocrx_word' id='word_1_95' title='bbox 827 1936 993 1969; x_wconf 85' lang='lat' dir='ltr'>tantam</span> <span class='ocrx_word' id='word_1_96' title='bbox 1024 1935 1251 1987; x_wconf 84' lang='lat' dir='ltr'>paternam</span> <span class='ocrx_word' id='word_1_97' title='bbox 1276 1925 1389 1968; x_wconf 84' lang='lat' dir='ltr'>tueri</span> <span class='ocrx_word' id='word_1_98' title='bbox 1421 1922 1622 1984; x_wconf 78' lang='lat' dir='ltr'>gloriam3</span> <span class='ocrx_word' id='word_1_99' title='bbox 1648 1922 1715 1965; x_wconf 86' lang='lat' dir='ltr'>his</span> 
     </span>
     <span class='ocr_line' id='line_1_16' title="bbox 342 2000 1715 2063; baseline -0.001 -17"><span class='ocrx_word' id='word_1_100' title='bbox 342 2003 412 2047; x_wconf 92' lang='lat' dir='ltr'>ille</span> <span class='ocrx_word' id='word_1_101' title='bbox 445 2021 454 2047; x_wconf 92' lang='lat'>:</span> <span class='ocrx_word' id='word_1_102' title='bbox 483 2006 567 2049; x_wconf 82' lang='lat' dir='ltr'>«Si</span> <span class='ocrx_word' id='word_1_103' title='bbox 601 2006 684 2049; x_wconf 88' lang='lat' dir='ltr'>mei</span> <span class='ocrx_word' id='word_1_104' title='bbox 717 2004 873 2049; x_wconf 85' lang='lat' dir='ltr'>similes</span> <span class='ocrx_word' id='word_1_105' title='bbox 906 2015 1054 2060; x_wconf 87' lang='lat' dir='ltr'>erunt,</span> <span class='ocrx_word' id='word_1_106' title='bbox 1086 2005 1198 2048; x_wconf 91' lang='lat' dir='ltr'>idem</span> <span class='ocrx_word' id='word_1_107' title='bbox 1230 2005 1319 2060; x_wconf 89' lang='lat' dir='ltr'>hic,</span> <span class='ocrx_word' id='word_1_108' title='bbox 1356 2004 1516 2063; x_wconf 91' lang='lat' dir='ltr'>inquit,</span> <span class='ocrx_word' id='word_1_109' title='bbox 1554 2000 1715 2061; x_wconf 84' lang='lat' dir='ltr'>agellus</span> 
     </span>
     <span class='ocr_line' id='line_1_17' title="bbox 344 2080 1716 2144; baseline -0.002 -18"><span class='ocrx_word' id='word_1_110' title='bbox 344 2082 437 2127; x_wconf 91' lang='lat' dir='ltr'>illos</span> <span class='ocrx_word' id='word_1_111' title='bbox 465 2083 572 2141; x_wconf 87' lang='lat' dir='ltr'>alet,</span> <span class='ocrx_word' id='word_1_112' title='bbox 599 2086 673 2144; x_wconf 90' lang='lat' dir='ltr'>qui</span> <span class='ocrx_word' id='word_1_113' title='bbox 700 2101 768 2128; x_wconf 90' lang='lat' dir='ltr'>me</span> <span class='ocrx_word' id='word_1_114' title='bbox 794 2085 848 2128; x_wconf 83' lang='lat' dir='ltr'>ad</span> <span class='ocrx_word' id='word_1_115' title='bbox 872 2085 985 2128; x_wconf 89' lang='lat' dir='ltr'>hanc</span> <span class='ocrx_word' id='word_1_116' title='bbox 1012 2084 1264 2144; x_wconf 85' lang='lat' dir='ltr'>dignitatem</span> <span class='ocrx_word' id='word_1_117' title='bbox 1290 2083 1513 2144; x_wconf 81' lang='lat' dir='ltr'>perduxit3</span> <span class='ocrx_word' id='word_1_118' title='bbox 1541 2083 1605 2125; x_wconf 89' lang='lat' dir='ltr'>sin</span> <span class='ocrx_word' id='word_1_119' title='bbox 1633 2080 1716 2123; x_wconf 90' lang='lat' dir='ltr'>dis-</span> 
     </span>
     <span class='ocr_line' id='line_1_18' title="bbox 343 2160 1715 2224; baseline -0.001 -19"><span class='ocrx_word' id='word_1_120' title='bbox 343 2162 500 2206; x_wconf 91' lang='lat' dir='ltr'>similes</span> <span class='ocrx_word' id='word_1_121' title='bbox 532 2173 633 2207; x_wconf 90' lang='lat' dir='ltr'>sunt</span> <span class='ocrx_word' id='word_1_122' title='bbox 664 2164 821 2220; x_wconf 90' lang='lat' dir='ltr'>futuri,</span> <span class='ocrx_word' id='word_1_123' title='bbox 846 2162 948 2207; x_wconf 92' lang='lat' dir='ltr'>nolo</span> <span class='ocrx_word' id='word_1_124' title='bbox 979 2165 1083 2207; x_wconf 90' lang='lat' dir='ltr'>meis</span> <span class='ocrx_word' id='word_1_125' title='bbox 1115 2164 1317 2224; x_wconf 90' lang='lat' dir='ltr'>impensis</span> <span class='ocrx_word' id='word_1_126' title='bbox 1350 2161 1524 2205; x_wconf 85' lang='lat' dir='ltr'>illorum</span> <span class='ocrx_word' id='word_1_127' title='bbox 1551 2160 1606 2205; x_wconf 86' lang='lat' dir='ltr'>ali</span> <span class='ocrx_word' id='word_1_128' title='bbox 1638 2177 1715 2204; x_wconf 88' lang='lat' dir='ltr'>au-</span> 
     </span>
     <span class='ocr_line' id='line_1_19' title="bbox 343 2241 810 2302; baseline -0.004 -17"><span class='ocrx_word' id='word_1_129' title='bbox 343 2243 518 2302; x_wconf 86' lang='lat' dir='ltr'>gerique</span> <span class='ocrx_word' id='word_1_130' title='bbox 540 2241 769 2287; x_wconf 83' lang='lat' dir='ltr'>luxuriam.</span> <span class='ocrx_word' id='word_1_131' title='bbox 790 2262 810 2283; x_wconf 91' lang='lat'>»</span> 
     </span>
    </p>

    <p class='ocr_par' dir='ltr' id='par_1_5' title="bbox 345 2321 1715 2541">
     <span class='ocr_line' id='line_1_20' title="bbox 406 2321 1715 2383; baseline -0.002 -19"><span class='ocrx_word' id='word_1_132' title='bbox 406 2323 460 2365; x_wconf 91' lang='grc' dir='ltr'>Π.</span> <span class='ocrx_word' id='word_1_133' title='bbox 496 2321 616 2365; x_wconf 89' lang='lat' dir='ltr'>Idem</span> <span class='ocrx_word' id='word_1_134' title='bbox 643 2339 778 2382; x_wconf 89' lang='lat' dir='ltr'>quum</span> <span class='ocrx_word' id='word_1_135' title='bbox 804 2339 941 2383; x_wconf 86' lang='lat' dir='ltr'>prope</span> <span class='ocrx_word' id='word_1_136' title='bbox 972 2322 1026 2365; x_wconf 90' lang='lat' dir='ltr'>ad</span> <span class='ocrx_word' id='word_1_137' title='bbox 1055 2338 1219 2365; x_wconf 86' lang='lat' dir='ltr'>annum</span> <span class='ocrx_word' id='word_1_138' title='bbox 1251 2321 1563 2381; x_wconf 89' lang='lat' dir='ltr'>octogesimum</span> <span class='ocrx_word' id='word_1_139' title='bbox 1594 2335 1715 2379; x_wconf 92' lang='lat' dir='ltr'>pros-</span> 
     </span>
     <span class='ocr_line' id='line_1_21' title="bbox 345 2400 1713 2462; baseline -0.003 -18"><span class='ocrx_word' id='word_1_140' title='bbox 345 2417 447 2461; x_wconf 87' lang='lat' dir='ltr'>pera</span> <span class='ocrx_word' id='word_1_141' title='bbox 471 2403 734 2462; x_wconf 87' lang='lat' dir='ltr'>pervenisset</span> <span class='ocrx_word' id='word_1_142' title='bbox 759 2401 955 2456; x_wconf 85' lang='lat' dir='ltr'>fortuna,</span> <span class='ocrx_word' id='word_1_143' title='bbox 981 2402 1179 2445; x_wconf 82' lang='lat' dir='ltr'>extremis</span> <span class='ocrx_word' id='word_1_144' title='bbox 1206 2400 1473 2460; x_wconf 88' lang='lat' dir='ltr'>temporibus</span> <span class='ocrx_word' id='word_1_145' title='bbox 1506 2415 1713 2458; x_wconf 83' lang='lat' dir='ltr'>magnum</span> 
     </span>
     <span class='ocr_line' id='line_1_22' title="bbox 345 2479 1712 2541; baseline -0.002 -18"><span class='ocrx_word' id='word_1_146' title='bbox 345 2481 388 2523; x_wconf 86' lang='lat' dir='ltr'>in</span> <span class='ocrx_word' id='word_1_147' title='bbox 415 2480 562 2523; x_wconf 88' lang='lat' dir='ltr'>odium</span> <span class='ocrx_word' id='word_1_148' title='bbox 584 2481 779 2541; x_wconf 87' lang='lat' dir='ltr'>pervenit</span> <span class='ocrx_word' id='word_1_149' title='bbox 799 2498 977 2524; x_wconf 86' lang='lat' dir='ltr'>suorum</span> <span class='ocrx_word' id='word_1_150' title='bbox 998 2481 1170 2523; x_wconf 86' lang='lat' dir='ltr'>civium.</span> <span class='ocrx_word' id='word_1_151' title='bbox 1193 2481 1339 2523; x_wconf 91' lang='lat' dir='ltr'>Primo</span> <span class='ocrx_word' id='word_1_152' title='bbox 1365 2479 1481 2538; x_wconf 81' lang='lat' dir='ltr'>quod</span> <span class='ocrx_word' id='word_1_153' title='bbox 1508 2495 1607 2521; x_wconf 87' lang='lat' dir='ltr'>cum</span> <span class='ocrx_word' id='word_1_154' title='bbox 1632 2480 1712 2521; x_wconf 85' lang='lat' dir='ltr'>Dc·</span> 
     </span>
    </p>
   </div>
   <div class='ocr_carea' id='block_1_5' title="bbox 345 2555 1712 2619">
    <p class='ocr_par' dir='ltr' id='par_1_6' title="bbox 345 2555 1712 2619">
     <span class='ocr_line' id='line_1_23' title="bbox 345 2555 1712 2619; baseline -0.001 -18"><span class='ocrx_word' id='word_1_155' title='bbox 345 2558 468 2601; x_wconf 87' lang='lat' dir='ltr'>made</span> <span class='ocrx_word' id='word_1_156' title='bbox 496 2558 547 2601; x_wconf 91' lang='lat' dir='ltr'>‹le</span> <span class='ocrx_word' id='word_1_157' title='bbox 579 2559 683 2602; x_wconf 87' lang='lat' dir='ltr'>urbe</span> <span class='ocrx_word' id='word_1_158' title='bbox 717 2558 924 2602; x_wconf 84' lang='lat' dir='ltr'>tradenda</span> <span class='ocrx_word' id='word_1_159' title='bbox 950 2560 1179 2619; x_wconf 80' lang='lat' dir='ltr'>Antipatro</span> <span class='ocrx_word' id='word_1_160' title='bbox 1213 2566 1505 2612; x_wconf 84' lang='lat' dir='ltr'>consenserat,</span> <span class='ocrx_word' id='word_1_161' title='bbox 1535 2555 1712 2615; x_wconf 87' lang='lat' dir='ltr'>ejusque</span> 
     </span>
    </p>
   </div>
  </div>
 </body>
</html>
