1859 3310
133 270 192 283 m
196 270 439 283 muwwwmlx
444 271 502 283 BR'NS
506 270 1015 283 Qssusssswmmwwwmwkwmwx
1020 271 1058 282 ’.Ἃ
1064 269 1119 282 m
1125 272 1134 283 ἱ
1139 273 1186 285 §W
1191 272 1250 284 ᾺἋ
1254 271 1376 284 ΜΝ
1380 273 1436 285 nm
1441 274 1501 287 §m

749 465 882 508 XIV.

573 679 1055 748 DATAMES.

130 1122 295 1206 XIENIO
337 1175 455 1202 nunc
496 1159 550 1202 ad
583 1159 864 1203 fortissimum
905 1161 1071 1216 virum,
1106 1161 1370 1220 maximique
1407 1177 1511 1204 con-

129 1236 211 1280 silii
231 1239 426 1281 omnium
445 1238 754 1295 barbarorum3
775 1240 964 1300 exceptis
985 1239 1157 1283 duobus
1179 1240 1512 1301 Carthaginien-

129 1317 267 1374 sibus,
291 1318 534 1362 Hamilcare
555 1329 596 1362 et
621 1318 878 1363 Hannibale.
904 1322 972 1364 De
992 1337 1080 1380 quo
1102 1321 1186 1365 hoc
1208 1320 1335 1382 plura
1354 1321 1509 1364 refere-

129 1414 247 1455 mus,
268 1399 385 1458 quod
411 1409 453 1442 et
476 1399 729 1443 obscuriora
749 1410 851 1443 sunt
871 1400 962 1459 ejus
984 1410 1102 1461 gesta
1123 1399 1349 1461 pleraque3
1375 1410 1416 1443 et
1438 1417 1511 1457 ea,

129 1494 225 1537 quae
250 1495 457 1540 prospere
482 1480 519 1522 ei
545 1489 786 1533 cesserunt,
815 1497 902 1523 non
930 1480 1233 1541 magnitudine
1261 1481 1510 1540 copiarum,

130 1558 204 1601 sed
231 1558 419 1615 consilii,
446 1576 534 1619 quo
562 1569 732 1602 tantum
765 1577 854 1603 non
885 1576 1034 1603 omnes
1061 1560 1314 1620 superabat,
1344 1560 1512 1604 accide-

130 1648 248 1681 runt.
282 1640 485 1695 Quorum
520 1640 601 1682 nisi
633 1640 745 1683 ratio
776 1639 988 1700 explicata
1019 1639 1170 1695 fuerit,
1204 1656 1269 1683 res
1304 1656 1513 1700 apparere

131 1734 219 1761 non
243 1727 462 1778 poterunt.
486 1721 731 1773 DATAMEs‚
754 1729 876 1779 patre
896 1720 1156 1775 Camissare,
1180 1720 1358 1763 natione
1383 1722 1513 1775 Care,

130 1809 268 1842 matre
309 1799 527 1860 Scythissa
567 1809 716 1855 natus,
758 1801 949 1860 primum
988 1799 1173 1843 militum
1214 1816 1395 1843 numero
1433 1800 1516 1843 fuit

132 1879 248 1939 apud
284 1882 564 1924 Artaxerxem
597 1897 769 1936 eorum,
801 1881 877 1939 qui
908 1881 1071 1940 regiam
1103 1880 1355 1922 tuebantur.
1388 1881 1516 1923 Pater

131 1959 223 2018 ejus
247 1960 531 2011 Camissares,
555 1959 673 2019 quod
697 1969 740 2003 et
763 1976 895 2002 manu
914 1959 1058 2013 fortis,
1085 1969 1127 2002 et
1148 1958 1261 2002 bello
1287 1969 1515 2015 strenuus,

132 2049 175 2082 et
199 2040 292 2100 regi
318 2038 466 2082 multis
493 2038 596 2082 locis
624 2038 760 2083 fidelis
787 2049 880 2082 erat
910 2049 1129 2099 repertus,
1159 2039 1312 2081 habuit
1339 2039 1516 2099 provin-

133 2120 242 2162 ciam
268 2128 435 2180 partem
459 2118 621 2163 Ciliciae
641 2119 765 2178 juxta
791 2118 1137 2179 Cappadociam,
1164 2134 1294 2179 quam
1320 2116 1519 2161 incolunt

133 2199 382 2258 Leucosyri.
417 2200 623 2242 Datames
658 2197 844 2241 militare
883 2215 1044 2241 munus
1076 2198 1263 2258 fungens
1299 2198 1518 2258 primum,

135 2276 274 2337 qualis
294 2288 424 2333 esset,
445 2279 649 2338 apparuit
672 2279 716 2320 in
741 2276 875 2333 bello,
901 2277 1019 2337 quod
1045 2294 1120 2320 rex
1144 2277 1351 2320 adversus
1375 2276 1520 2321 Cadu-

137 2359 222 2401 sios
248 2358 390 2418 gessit.
418 2358 618 2416 Namque
644 2357 714 2399 hic
739 2356 887 2399 multis
912 2356 1104 2400 millibus
1135 2357 1355 2416 regiorum
1385 2357 1520 2399 inter-

137 2437 280 2493 fectis,
305 2438 451 2498 magni
472 2437 554 2480 fuit
580 2437 671 2495 ejus
699 2452 844 2497 opera.
870 2437 973 2492 Quo
1000 2435 1160 2478 factum
1183 2445 1265 2489 est,
1287 2445 1355 2490 ut,
1382 2452 1520 2495 quum

139 2518 182 2560 in
208 2534 258 2561 eo
289 2516 402 2561 hello
433 2516 654 2560 cecidisset
683 2517 964 2571 Cmnissares,
994 2524 1176 2575 paterna
1208 2516 1245 2557 ei
1276 2514 1521 2558 traderetur

142 2598 380 2657 provincia.

206 2679 259 2721 II.
296 2679 394 2721 Pari
422 2694 465 2720 se
496 2678 656 2720 virtute
686 2685 835 2736 postea
863 2675 1066 2736 praebuit,
1101 2692 1237 2735 quum
1268 2675 1518 2735 Autophra-

1334 2773 1351 2783 ,-

1333 2788 1371 2816 ζ).
