<?xml version="1.0" encoding="UTF-8"?>
<!DOCTYPE html PUBLIC "-//W3C//DTD XHTML 1.0 Transitional//EN"
    "http://www.w3.org/TR/xhtml1/DTD/xhtml1-transitional.dtd">
<html xmlns="http://www.w3.org/1999/xhtml" xml:lang="en" lang="en">
 <head>
  <title>
</title>
<meta http-equiv="Content-Type" content="text/html;charset=utf-8" />
  <meta name='ocr-system' content='tesseract 3.04.00' />
  <meta name='ocr-capabilities' content='ocr_page ocr_carea ocr_par ocr_line ocrx_word'/>
</head>
<body>
  <div class='ocr_page' id='page_1' title='image "./operanepo00nepouoft_0256.png"; bbox 0 0 1859 3310; ppageno 0'>
   <div class='ocr_carea' id='block_1_1' title="bbox 311 195 1073 230">
    <p class='ocr_par' dir='ltr' id='par_1_1' title="bbox 311 195 1073 230">
     <span class='ocr_line' id='line_1_1' title="bbox 311 195 1073 230; baseline -0.001 0"><span class='ocrx_word' id='word_1_1' title='bbox 311 196 383 230; x_wconf 79' lang='lat'>238</span> <span class='ocrx_word' id='word_1_2' title='bbox 917 196 944 228; x_wconf 77' lang='lat' dir='ltr'>N</span> <span class='ocrx_word' id='word_1_3' title='bbox 956 195 1073 230; x_wconf 76' lang='lat' dir='ltr'>o&#39;rAE</span> 
     </span>
    </p>
   </div>
   <div class='ocr_carea' id='block_1_2' title="bbox 305 278 1688 2649">
    <p class='ocr_par' dir='ltr' id='par_1_2' title="bbox 308 278 1679 387">
     <span class='ocr_line' id='line_1_2' title="bbox 360 278 1679 328; baseline 0.002 -16"><span class='ocrx_word' id='word_1_4' title='bbox 360 278 441 312; x_wconf 62' lang='lat' dir='ltr'>CA».</span> <span class='ocrx_word' id='word_1_5' title='bbox 464 279 511 313; x_wconf 91' lang='lat'>11.</span> <span class='ocrx_word' id='word_1_6' title='bbox 538 278 701 313; x_wconf 81' lang='lat' dir='ltr'><em>Cinnano</em></span> <span class='ocrx_word' id='word_1_7' title='bbox 720 281 882 313; x_wconf 77' lang='lat' dir='ltr'><em>tumultu.</em></span> <span class='ocrx_word' id='word_1_8' title='bbox 904 279 1011 313; x_wconf 82' lang='lat' dir='ltr'>Civili</span> <span class='ocrx_word' id='word_1_9' title='bbox 1031 279 1147 323; x_wconf 89' lang='lat' dir='ltr'>bello,</span> <span class='ocrx_word' id='word_1_10' title='bbox 1165 291 1238 326; x_wconf 90' lang='lat' dir='ltr'>quo</span> <span class='ocrx_word' id='word_1_11' title='bbox 1261 279 1378 314; x_wconf 79' lang='lat' dir='ltr'>Cinna</span> <span class='ocrx_word' id='word_1_12' title='bbox 1398 281 1526 315; x_wconf 88' lang='lat' dir='ltr'>consul</span> <span class='ocrx_word' id='word_1_13' title='bbox 1550 282 1679 328; x_wconf 59' lang='lat' dir='ltr'>expul&lt;</span> 
     </span>
     <span class='ocr_line' id='line_1_3' title="bbox 308 339 1219 387; baseline 0 -13"><span class='ocrx_word' id='word_1_14' title='bbox 308 352 366 375; x_wconf 91' lang='lat' dir='ltr'>sus</span> <span class='ocrx_word' id='word_1_15' title='bbox 390 352 471 374; x_wconf 91' lang='lat' dir='ltr'>cum</span> <span class='ocrx_word' id='word_1_16' title='bbox 490 340 611 375; x_wconf 89' lang='lat' dir='ltr'>Mario</span> <span class='ocrx_word' id='word_1_17' title='bbox 634 339 760 382; x_wconf 89' lang='lat' dir='ltr'>rediit,</span> <span class='ocrx_word' id='word_1_18' title='bbox 785 346 820 373; x_wconf 90' lang='lat' dir='ltr'>et</span> <span class='ocrx_word' id='word_1_19' title='bbox 839 339 876 373; x_wconf 91' lang='lat' dir='ltr'>in</span> <span class='ocrx_word' id='word_1_20' title='bbox 905 340 1074 387; x_wconf 82' lang='lat' dir='ltr'>Syllanos</span> <span class='ocrx_word' id='word_1_21' title='bbox 1094 340 1219 375; x_wconf 75' lang='lat' dir='ltr'>saeviit.</span> 
     </span>
    </p>

    <p class='ocr_par' dir='ltr' id='par_1_3' title="bbox 309 400 1684 559">
     <span class='ocr_line' id='line_1_4' title="bbox 369 400 1683 446; baseline 0.002 -13"><span class='ocrx_word' id='word_1_22' title='bbox 369 401 563 436; x_wconf 82' lang='lat' dir='ltr'>Versuram</span> <span class='ocrx_word' id='word_1_23' title='bbox 576 400 721 446; x_wconf 80' lang='lat' dir='ltr'>facere.</span> <span class='ocrx_word' id='word_1_24' title='bbox 749 400 830 434; x_wconf 89' lang='lat' dir='ltr'>Hoc</span> <span class='ocrx_word' id='word_1_25' title='bbox 861 407 914 434; x_wconf 87' lang='lat' dir='ltr'>est</span> <span class='ocrx_word' id='word_1_26' title='bbox 951 408 1092 436; x_wconf 89' lang='lat' dir='ltr'>mutare</span> <span class='ocrx_word' id='word_1_27' title='bbox 1128 402 1362 437; x_wconf 86' lang='lat' dir='ltr'>creditorem.</span> <span class='ocrx_word' id='word_1_28' title='bbox 1394 403 1451 438; x_wconf 89' lang='lat' dir='ltr'>De</span> <span class='ocrx_word' id='word_1_29' title='bbox 1480 402 1523 437; x_wconf 88' lang='lat' dir='ltr'>iis</span> <span class='ocrx_word' id='word_1_30' title='bbox 1550 402 1683 437; x_wconf 84' lang='lat' dir='ltr'>dicitur</span> 
     </span>
     <span class='ocr_line' id='line_1_5' title="bbox 309 460 1684 509; baseline 0.001 -12"><span class='ocrx_word' id='word_1_31' title='bbox 309 462 372 509; x_wconf 88' lang='lat' dir='ltr'>qui</span> <span class='ocrx_word' id='word_1_32' title='bbox 396 470 561 497; x_wconf 88' lang='lat' dir='ltr'>mutuum</span> <span class='ocrx_word' id='word_1_33' title='bbox 590 461 722 507; x_wconf 78' lang='lat' dir='ltr'>majori</span> <span class='ocrx_word' id='word_1_34' title='bbox 755 460 896 496; x_wconf 84' lang='lat' dir='ltr'>foenore</span> <span class='ocrx_word' id='word_1_35' title='bbox 929 469 1075 496; x_wconf 88' lang='lat' dir='ltr'>sumunt</span> <span class='ocrx_word' id='word_1_36' title='bbox 1108 463 1156 498; x_wconf 89' lang='lat' dir='ltr'>ab</span> <span class='ocrx_word' id='word_1_37' title='bbox 1181 476 1257 499; x_wconf 92' lang='lat' dir='ltr'>uno</span> <span class='ocrx_word' id='word_1_38' title='bbox 1284 463 1486 508; x_wconf 83' lang='lat' dir='ltr'>creditore,</span> <span class='ocrx_word' id='word_1_39' title='bbox 1513 470 1551 498; x_wconf 89' lang='lat' dir='ltr'>ut</span> <span class='ocrx_word' id='word_1_40' title='bbox 1577 464 1684 498; x_wconf 84' lang='lat' dir='ltr'>alteri</span> 
     </span>
     <span class='ocr_line' id='line_1_6' title="bbox 309 524 542 559; baseline -0.009 0"><span class='ocrx_word' id='word_1_41' title='bbox 309 524 542 559; x_wconf 83' lang='lat' dir='ltr'>satisfaciant.</span> 
     </span>
    </p>

    <p class='ocr_par' dir='ltr' id='par_1_4' title="bbox 308 583 1684 742">
     <span class='ocr_line' id='line_1_7' title="bbox 361 583 1683 633; baseline 0.002 -14"><span class='ocrx_word' id='word_1_42' title='bbox 361 586 443 619; x_wconf 62' lang='grc' dir='ltr'><strong>(ζμ).</strong></span> <span class='ocrx_word' id='word_1_43' title='bbox 470 585 536 619; x_wconf 94' lang='lat' dir='ltr'>III.</span> <span class='ocrx_word' id='word_1_44' title='bbox 570 584 684 619; x_wconf 85' lang='lat' dir='ltr'>Pilia.</span> <span class='ocrx_word' id='word_1_45' title='bbox 720 583 813 618; x_wconf 89' lang='lat' dir='ltr'>Pilia</span> <span class='ocrx_word' id='word_1_46' title='bbox 850 591 902 618; x_wconf 89' lang='lat' dir='ltr'>est</span> <span class='ocrx_word' id='word_1_47' title='bbox 934 596 1030 619; x_wconf 87' lang='lat' dir='ltr'>uxor</span> <span class='ocrx_word' id='word_1_48' title='bbox 1063 584 1197 629; x_wconf 88' lang='lat' dir='ltr'>Attici,</span> <span class='ocrx_word' id='word_1_49' title='bbox 1228 598 1339 633; x_wconf 88' lang='lat' dir='ltr'>quam</span> <span class='ocrx_word' id='word_1_50' title='bbox 1369 587 1499 622; x_wconf 86' lang='lat' dir='ltr'>Cicero</span> <span class='ocrx_word' id='word_1_51' title='bbox 1524 585 1683 633; x_wconf 83' lang='lat' dir='ltr'>passim,</span> 
     </span>
     <span class='ocr_line' id='line_1_8' title="bbox 308 644 1684 696; baseline 0.004 -17"><span class='ocrx_word' id='word_1_52' title='bbox 308 645 470 692; x_wconf 88' lang='lat' dir='ltr'>epistolis</span> <span class='ocrx_word' id='word_1_53' title='bbox 498 645 547 680; x_wconf 90' lang='lat' dir='ltr'>ad</span> <span class='ocrx_word' id='word_1_54' title='bbox 574 644 752 688; x_wconf 86' lang='lat' dir='ltr'>Atticum,</span> <span class='ocrx_word' id='word_1_55' title='bbox 774 645 917 680; x_wconf 89' lang='lat' dir='ltr'>salutat.</span> <span class='ocrx_word' id='word_1_56' title='bbox 945 645 1126 690; x_wconf 75' lang='lat' dir='ltr'>Quaedam</span> <span class='ocrx_word' id='word_1_57' title='bbox 1158 647 1339 683; x_wconf 85' lang='lat' dir='ltr'>editiones</span> <span class='ocrx_word' id='word_1_58' title='bbox 1367 649 1519 684; x_wconf 75' lang='lat' dir='ltr'><em>Phidioe</em></span> <span class='ocrx_word' id='word_1_59' title='bbox 1546 660 1684 696; x_wconf 86' lang='lat' dir='ltr'><strong>perpe-</strong></span> 
     </span>
     <span class='ocr_line' id='line_1_9' title="bbox 308 707 555 742; baseline 0 -2"><span class='ocrx_word' id='word_1_60' title='bbox 308 718 387 742; x_wconf 88' lang='lat' dir='ltr'>ram</span> <span class='ocrx_word' id='word_1_61' title='bbox 406 707 555 741; x_wconf 91' lang='lat' dir='ltr'>habent.</span> 
     </span>
    </p>

    <p class='ocr_par' dir='ltr' id='par_1_5' title="bbox 365 768 1235 816">
     <span class='ocr_line' id='line_1_10' title="bbox 365 768 1235 816; baseline 0.003 -14"><span class='ocrx_word' id='word_1_62' title='bbox 365 768 458 802; x_wconf 82' lang='lat' dir='ltr'><strong><em>Urbe</em></strong></span> <span class='ocrx_word' id='word_1_63' title='bbox 475 775 585 803; x_wconf 82' lang='lat' dir='ltr'>natus</span> <span class='ocrx_word' id='word_1_64' title='bbox 603 776 664 803; x_wconf 80' lang='lat' dir='ltr'>est.</span> <span class='ocrx_word' id='word_1_65' title='bbox 690 769 745 804; x_wconf 89' lang='lat' dir='ltr'>De</span> <span class='ocrx_word' id='word_1_66' title='bbox 774 769 866 804; x_wconf 88' lang='lat' dir='ltr'>urbe</span> <span class='ocrx_word' id='word_1_67' title='bbox 886 781 1041 804; x_wconf 85' lang='lat' dir='ltr'>romana</span> <span class='ocrx_word' id='word_1_68' title='bbox 1060 769 1235 816; x_wconf 82' lang='lat' dir='ltr'>loquitur.</span> 
     </span>
    </p>

    <p class='ocr_par' dir='ltr' id='par_1_6' title="bbox 361 830 1042 866">
     <span class='ocr_line' id='line_1_11' title="bbox 361 830 1042 866; baseline 0.001 -2"><span class='ocrx_word' id='word_1_69' title='bbox 361 830 460 864; x_wconf 85' lang='lat' dir='ltr'>Eam</span> <span class='ocrx_word' id='word_1_70' title='bbox 484 831 676 866; x_wconf 71' lang='lat' dir='ltr'>civitatem.</span> <span class='ocrx_word' id='word_1_71' title='bbox 702 831 867 866; x_wconf 87' lang='lat' dir='ltr'>Athenas</span> <span class='ocrx_word' id='word_1_72' title='bbox 893 830 1042 866; x_wconf 85' lang='lat' dir='ltr'>scilicet.</span> 
     </span>
    </p>

    <p class='ocr_par' dir='ltr' id='par_1_7' title="bbox 307 890 1687 1124">
     <span class='ocr_line' id='line_1_12' title="bbox 361 890 1687 941; baseline 0.002 -16"><span class='ocrx_word' id='word_1_73' title='bbox 361 890 443 926; x_wconf 52' lang='lat' dir='ltr'>Cap.</span> <span class='ocrx_word' id='word_1_74' title='bbox 478 893 539 927; x_wconf 92' lang='lat' dir='ltr'>IV.</span> <span class='ocrx_word' id='word_1_75' title='bbox 577 893 705 927; x_wconf 81' lang='lat' dir='ltr'>Groece</span> <span class='ocrx_word' id='word_1_76' title='bbox 739 893 960 941; x_wconf 78' lang='lat' dir='ltr'><em>loquebatur.</em></span> <span class='ocrx_word' id='word_1_77' title='bbox 995 893 1104 928; x_wconf 88' lang='lat' dir='ltr'>Unde</span> <span class='ocrx_word' id='word_1_78' title='bbox 1140 895 1257 928; x_wconf 87' lang='lat' dir='ltr'>Attici</span> <span class='ocrx_word' id='word_1_79' title='bbox 1291 904 1523 940; x_wconf 86' lang='lat' dir='ltr'>cognomen,</span> <span class='ocrx_word' id='word_1_80' title='bbox 1552 892 1606 927; x_wconf 89' lang='lat' dir='ltr'>uti</span> <span class='ocrx_word' id='word_1_81' title='bbox 1640 905 1687 929; x_wconf 88' lang='lat' dir='ltr'>ex</span> 
     </span>
     <span class='ocr_line' id='line_1_13' title="bbox 309 953 1686 1003; baseline 0.001 -15"><span class='ocrx_word' id='word_1_82' title='bbox 309 953 497 988; x_wconf 87' lang='lat' dir='ltr'>Ciceronis</span> <span class='ocrx_word' id='word_1_83' title='bbox 517 955 576 989; x_wconf 88' lang='lat' dir='ltr'>De</span> <span class='ocrx_word' id='word_1_84' title='bbox 596 954 781 989; x_wconf 80' lang='lat' dir='ltr'><em>Senectute</em></span> <span class='ocrx_word' id='word_1_85' title='bbox 800 954 897 989; x_wconf 85' lang='lat' dir='ltr'>libro</span> <span class='ocrx_word' id='word_1_86' title='bbox 917 962 1070 1002; x_wconf 88' lang='lat' dir='ltr'>apparet</span> <span class='ocrx_word' id='word_1_87' title='bbox 1091 968 1097 989; x_wconf 90' lang='lat'><strong>:</strong></span> <span class='ocrx_word' id='word_1_88' title='bbox 1120 972 1134 987; x_wconf 89' lang='lat'>«</span> <span class='ocrx_word' id='word_1_89' title='bbox 1151 957 1276 1003; x_wconf 85' lang='lat' dir='ltr'><strong>Teque</strong></span> <span class='ocrx_word' id='word_1_90' title='bbox 1296 968 1373 990; x_wconf 91' lang='lat' dir='ltr'>non</span> <span class='ocrx_word' id='word_1_91' title='bbox 1394 966 1605 1002; x_wconf 85' lang='lat' dir='ltr'>cognomen</span> <span class='ocrx_word' id='word_1_92' title='bbox 1623 966 1686 989; x_wconf 92' lang='lat' dir='ltr'>so-</span> 
     </span>
     <span class='ocr_line' id='line_1_14' title="bbox 307 1015 1687 1064; baseline 0.001 -15"><span class='ocrx_word' id='word_1_93' title='bbox 307 1015 383 1049; x_wconf 91' lang='lat' dir='ltr'>lum</span> <span class='ocrx_word' id='word_1_94' title='bbox 410 1015 561 1050; x_wconf 88' lang='lat' dir='ltr'>Athenis</span> <span class='ocrx_word' id='word_1_95' title='bbox 592 1016 828 1064; x_wconf 82' lang='lat' dir='ltr'>deportasse,</span> <span class='ocrx_word' id='word_1_96' title='bbox 855 1016 920 1051; x_wconf 91' lang='lat' dir='ltr'>sed</span> <span class='ocrx_word' id='word_1_97' title='bbox 949 1016 1218 1052; x_wconf 86' lang='lat' dir='ltr'>humanitatem</span> <span class='ocrx_word' id='word_1_98' title='bbox 1251 1024 1286 1052; x_wconf 88' lang='lat' dir='ltr'>et</span> <span class='ocrx_word' id='word_1_99' title='bbox 1312 1016 1549 1064; x_wconf 85' lang='lat' dir='ltr'>prudentiam</span> <span class='ocrx_word' id='word_1_100' title='bbox 1575 1016 1687 1051; x_wconf 83' lang='lat' dir='ltr'>intel-</span> 
     </span>
     <span class='ocr_line' id='line_1_15' title="bbox 309 1076 435 1124; baseline 0.008 -14"><span class='ocrx_word' id='word_1_101' title='bbox 309 1076 397 1124; x_wconf 84' lang='lat' dir='ltr'>ligo.</span> <span class='ocrx_word' id='word_1_102' title='bbox 421 1092 435 1107; x_wconf 77' lang='grc' dir='ltr'><strong>υ</strong></span> 
     </span>
    </p>

    <p class='ocr_par' dir='ltr' id='par_1_8' title="bbox 307 1138 1687 1249">
     <span class='ocr_line' id='line_1_16' title="bbox 363 1138 1687 1175; baseline 0 -2"><span class='ocrx_word' id='word_1_103' title='bbox 363 1138 567 1174; x_wconf 80' lang='lat' dir='ltr'>Sestertium</span> <span class='ocrx_word' id='word_1_104' title='bbox 580 1139 748 1174; x_wconf 84' lang='lat' dir='ltr'>ducenta.</span> <span class='ocrx_word' id='word_1_105' title='bbox 764 1138 901 1174; x_wconf 83' lang='lat' dir='ltr'>Confer</span> <span class='ocrx_word' id='word_1_106' title='bbox 914 1140 1094 1174; x_wconf 67' lang='lat' dir='ltr'>BIc&#39;moire</span> <span class='ocrx_word' id='word_1_107' title='bbox 1106 1140 1153 1174; x_wconf 84' lang='lat' dir='ltr'>de</span> <span class='ocrx_word' id='word_1_108' title='bbox 1166 1140 1219 1174; x_wconf 91' lang='lat' dir='ltr'>M.</span> <span class='ocrx_word' id='word_1_109' title='bbox 1235 1141 1414 1175; x_wconf 76' lang='lat' dir='ltr'>Letrotme</span> <span class='ocrx_word' id='word_1_110' title='bbox 1431 1151 1494 1174; x_wconf 85' lang='lat' dir='ltr'>sur</span> <span class='ocrx_word' id='word_1_111' title='bbox 1505 1141 1558 1174; x_wconf 87' lang='lat' dir='ltr'>les</span> <span class='ocrx_word' id='word_1_112' title='bbox 1578 1151 1687 1174; x_wconf 86' lang='lat' dir='ltr'>mon-</span> 
     </span>
     <span class='ocr_line' id='line_1_17' title="bbox 307 1199 1198 1249; baseline 0.002 -15"><span class='ocrx_word' id='word_1_113' title='bbox 307 1199 408 1234; x_wconf 85' lang='lat' dir='ltr'>noies</span> <span class='ocrx_word' id='word_1_114' title='bbox 434 1207 469 1247; x_wconf 80' lang='lat' dir='ltr'>et</span> <span class='ocrx_word' id='word_1_115' title='bbox 492 1202 544 1235; x_wconf 87' lang='lat' dir='ltr'>les</span> <span class='ocrx_word' id='word_1_116' title='bbox 570 1212 730 1235; x_wconf 84' lang='lat' dir='ltr'>mesures</span> <span class='ocrx_word' id='word_1_117' title='bbox 747 1213 926 1249; x_wconf 80' lang='lat' dir='ltr'>grecques</span> <span class='ocrx_word' id='word_1_118' title='bbox 947 1209 981 1236; x_wconf 87' lang='lat' dir='ltr'>et</span> <span class='ocrx_word' id='word_1_119' title='bbox 1002 1201 1198 1236; x_wconf 83' lang='lat' dir='ltr'>romaines.</span> 
     </span>
    </p>

    <p class='ocr_par' dir='ltr' id='par_1_9' title="bbox 360 1262 1203 1309">
     <span class='ocr_line' id='line_1_18' title="bbox 360 1262 1203 1309; baseline 0.001 -13"><span class='ocrx_word' id='word_1_120' title='bbox 360 1262 442 1296; x_wconf 43' lang='lat' dir='ltr'>Cap.</span> <span class='ocrx_word' id='word_1_121' title='bbox 457 1262 522 1296; x_wconf 91' lang='lat' dir='ltr'>VI.</span> <span class='ocrx_word' id='word_1_122' title='bbox 550 1263 787 1309; x_wconf 74' lang='lat' dir='ltr'>Dignitatem.</span> <span class='ocrx_word' id='word_1_123' title='bbox 814 1263 958 1309; x_wconf 85' lang='lat' dir='ltr'>Nempe</span> <span class='ocrx_word' id='word_1_124' title='bbox 985 1269 1203 1309; x_wconf 86' lang='lat' dir='ltr'>equestrem.</span> 
     </span>
    </p>

    <p class='ocr_par' dir='ltr' id='par_1_10' title="bbox 360 1322 1684 1371">
     <span class='ocr_line' id='line_1_19' title="bbox 360 1322 1684 1371; baseline 0.002 -15"><span class='ocrx_word' id='word_1_125' title='bbox 360 1322 395 1356; x_wconf 89' lang='lat' dir='ltr'><em>E</em></span> <span class='ocrx_word' id='word_1_126' title='bbox 413 1322 614 1369; x_wconf 79' lang='lat' dir='ltr'>republica.</span> <span class='ocrx_word' id='word_1_127' title='bbox 630 1323 711 1357; x_wconf 89' lang='lat' dir='ltr'>Hoc</span> <span class='ocrx_word' id='word_1_128' title='bbox 730 1329 800 1366; x_wconf 87' lang='lat' dir='ltr'>est,</span> <span class='ocrx_word' id='word_1_129' title='bbox 819 1335 888 1369; x_wconf 88' lang='lat' dir='ltr'>pro</span> <span class='ocrx_word' id='word_1_130' title='bbox 910 1322 1103 1370; x_wconf 84' lang='lat' dir='ltr'>republica</span> <span class='ocrx_word' id='word_1_131' title='bbox 1115 1350 1125 1367; x_wconf 90' lang='lat'>,</span> <span class='ocrx_word' id='word_1_132' title='bbox 1143 1323 1191 1358; x_wconf 89' lang='lat' dir='ltr'>ad</span> <span class='ocrx_word' id='word_1_133' title='bbox 1210 1322 1448 1358; x_wconf 88' lang='lat' dir='ltr'>commodum</span> <span class='ocrx_word' id='word_1_134' title='bbox 1462 1324 1684 1371; x_wconf 79' lang='lat' dir='ltr'>reipublicae.</span> 
     </span>
    </p>

    <p class='ocr_par' dir='ltr' id='par_1_11' title="bbox 305 1383 1687 1553">
     <span class='ocr_line' id='line_1_20' title="bbox 360 1383 1684 1432; baseline 0.002 -15"><span class='ocrx_word' id='word_1_135' title='bbox 360 1384 423 1417; x_wconf 85' lang='lat' dir='ltr'>Ad</span> <span class='ocrx_word' id='word_1_136' title='bbox 443 1383 602 1418; x_wconf 75' lang='lat' dir='ltr'>hastam.</span> <span class='ocrx_word' id='word_1_137' title='bbox 627 1383 817 1419; x_wconf 91' lang='lat' dir='ltr'>Auctionis</span> <span class='ocrx_word' id='word_1_138' title='bbox 838 1384 996 1430; x_wconf 86' lang='lat' dir='ltr'>publicae</span> <span class='ocrx_word' id='word_1_139' title='bbox 1015 1383 1182 1431; x_wconf 86' lang='lat' dir='ltr'>signum,</span> <span class='ocrx_word' id='word_1_140' title='bbox 1199 1384 1269 1418; x_wconf 93' lang='lat' dir='ltr'>sub</span> <span class='ocrx_word' id='word_1_141' title='bbox 1293 1397 1364 1431; x_wconf 88' lang='lat' dir='ltr'>qua</span> <span class='ocrx_word' id='word_1_142' title='bbox 1386 1391 1473 1419; x_wconf 91' lang='lat' dir='ltr'>tunc</span> <span class='ocrx_word' id='word_1_143' title='bbox 1501 1385 1684 1432; x_wconf 84' lang='lat' dir='ltr'>imprimis</span> 
     </span>
     <span class='ocr_line' id='line_1_21' title="bbox 305 1444 1687 1494; baseline 0.002 -15"><span class='ocrx_word' id='word_1_144' title='bbox 305 1444 493 1492; x_wconf 87' lang='lat' dir='ltr'>publicata</span> <span class='ocrx_word' id='word_1_145' title='bbox 527 1445 822 1492; x_wconf 88' lang='lat' dir='ltr'>proscriptorum</span> <span class='ocrx_word' id='word_1_146' title='bbox 857 1446 959 1481; x_wconf 90' lang='lat' dir='ltr'>bona</span> <span class='ocrx_word' id='word_1_147' title='bbox 987 1446 1179 1481; x_wconf 87' lang='lat' dir='ltr'>venibant.</span> <span class='ocrx_word' id='word_1_148' title='bbox 1206 1446 1317 1481; x_wconf 88' lang='lat' dir='ltr'>Unde</span> <span class='ocrx_word' id='word_1_149' title='bbox 1344 1454 1521 1490; x_wconf 83' lang='lat' dir='ltr'>sectores,</span> <span class='ocrx_word' id='word_1_150' title='bbox 1551 1447 1616 1494; x_wconf 91' lang='lat' dir='ltr'>qui</span> <span class='ocrx_word' id='word_1_151' title='bbox 1645 1459 1687 1482; x_wconf 86' lang='lat' dir='ltr'>ea</span> 
     </span>
     <span class='ocr_line' id='line_1_22' title="bbox 310 1496 1484 1553; baseline 0.002 -12"><span class='ocrx_word' id='word_1_152' title='bbox 310 1506 484 1542; x_wconf 84' lang='lat' dir='ltr'>emebant</span> <span class='ocrx_word' id='word_1_153' title='bbox 504 1507 573 1542; x_wconf 83' lang='lat' dir='ltr'>sub</span> <span class='ocrx_word' id='word_1_154' title='bbox 592 1508 713 1552; x_wconf 86' lang='lat' dir='ltr'>hasta,</span> <span class='ocrx_word' id='word_1_155' title='bbox 733 1508 973 1543; x_wconf 86' lang='lat' dir='ltr'>vocabantur.</span> <span class='ocrx_word' id='word_1_156' title='bbox 1005 1508 1097 1543; x_wconf 84' lang='lat' dir='ltr'>Vide</span> <span class='ocrx_word' id='word_1_157' title='bbox 1117 1510 1261 1553; x_wconf 74' lang='lat' dir='ltr'>TAcl&#39;r.,</span> <span class='ocrx_word' id='word_1_158' title='bbox 1286 1509 1376 1543; x_wconf 80' lang='lat' dir='ltr'>Hist.</span> <span class='ocrx_word' id='word_1_159' title='bbox 1479 1496 1484 1503; x_wconf 37' lang='grc' dir='ltr'><em>Ι</em></span> 
     </span>
    </p>

    <p class='ocr_par' dir='ltr' id='par_1_12' title="bbox 307 1568 1687 1679">
     <span class='ocr_line' id='line_1_23' title="bbox 359 1568 1687 1617; baseline 0.002 -14"><span class='ocrx_word' id='word_1_160' title='bbox 359 1570 408 1603; x_wconf 83' lang='lat' dir='ltr'>In</span> <span class='ocrx_word' id='word_1_161' title='bbox 423 1568 539 1613; x_wconf 59' lang='lat' dir='ltr'>jusu...</span> <span class='ocrx_word' id='word_1_162' title='bbox 565 1582 754 1617; x_wconf 83' lang='lat' dir='ltr'>nunquam</span> <span class='ocrx_word' id='word_1_163' title='bbox 785 1571 849 1613; x_wconf 85' lang='lat' dir='ltr'>iit,</span> <span class='ocrx_word' id='word_1_164' title='bbox 861 1569 1045 1615; x_wconf 80' lang='lat' dir='ltr'>judicium</span> <span class='ocrx_word' id='word_1_165' title='bbox 1072 1572 1213 1605; x_wconf 83' lang='lat' dir='ltr'>nullum</span> <span class='ocrx_word' id='word_1_166' title='bbox 1231 1570 1367 1605; x_wconf 79' lang='lat' dir='ltr'>habuit.</span> <span class='ocrx_word' id='word_1_167' title='bbox 1395 1570 1440 1605; x_wconf 91' lang='lat' dir='ltr'>Id</span> <span class='ocrx_word' id='word_1_168' title='bbox 1469 1577 1544 1615; x_wconf 89' lang='lat' dir='ltr'>est,</span> <span class='ocrx_word' id='word_1_169' title='bbox 1567 1582 1687 1617; x_wconf 86' lang='lat' dir='ltr'>neque</span> 
     </span>
     <span class='ocr_line' id='line_1_24' title="bbox 307 1629 1060 1679; baseline 0.003 -15"><span class='ocrx_word' id='word_1_170' title='bbox 307 1629 346 1664; x_wconf 91' lang='lat' dir='ltr'>in</span> <span class='ocrx_word' id='word_1_171' title='bbox 365 1630 424 1676; x_wconf 87' lang='lat' dir='ltr'>jus</span> <span class='ocrx_word' id='word_1_172' title='bbox 452 1630 516 1674; x_wconf 89' lang='lat' dir='ltr'>iit,</span> <span class='ocrx_word' id='word_1_173' title='bbox 540 1644 660 1678; x_wconf 91' lang='lat' dir='ltr'>neque</span> <span class='ocrx_word' id='word_1_174' title='bbox 689 1630 768 1679; x_wconf 89' lang='lat' dir='ltr'>ipse</span> <span class='ocrx_word' id='word_1_175' title='bbox 791 1631 883 1666; x_wconf 88' lang='lat' dir='ltr'>alios</span> <span class='ocrx_word' id='word_1_176' title='bbox 902 1632 1060 1667; x_wconf 84' lang='lat' dir='ltr'>vocavit.</span> 
     </span>
    </p>

    <p class='ocr_par' dir='ltr' id='par_1_13' title="bbox 308 1691 1688 1921">
     <span class='ocr_line' id='line_1_25' title="bbox 359 1691 1688 1740; baseline -0.001 -13"><span class='ocrx_word' id='word_1_177' title='bbox 359 1691 442 1727; x_wconf 72' lang='lat' dir='ltr'>CAP.</span> <span class='ocrx_word' id='word_1_178' title='bbox 465 1693 548 1726; x_wconf 91' lang='lat' dir='ltr'>VII.</span> <span class='ocrx_word' id='word_1_179' title='bbox 578 1694 712 1727; x_wconf 80' lang='lat' dir='ltr'>AE&#39;tatis</span> <span class='ocrx_word' id='word_1_180' title='bbox 729 1693 939 1728; x_wconf 82' lang='lat' dir='ltr'>vacatione.</span> <span class='ocrx_word' id='word_1_181' title='bbox 965 1693 1010 1727; x_wconf 91' lang='lat' dir='ltr'>Id</span> <span class='ocrx_word' id='word_1_182' title='bbox 1029 1700 1102 1736; x_wconf 89' lang='lat' dir='ltr'>est,</span> <span class='ocrx_word' id='word_1_183' title='bbox 1124 1692 1401 1740; x_wconf 85' lang='lat' dir='ltr'>sexagenarius,</span> <span class='ocrx_word' id='word_1_184' title='bbox 1426 1693 1539 1728; x_wconf 82' lang='lat' dir='ltr'>aetatis</span> <span class='ocrx_word' id='word_1_185' title='bbox 1558 1693 1688 1728; x_wconf 87' lang='lat' dir='ltr'>habuit</span> 
     </span>
     <span class='ocr_line' id='line_1_26' title="bbox 308 1754 1686 1802; baseline -0.001 -14"><span class='ocrx_word' id='word_1_186' title='bbox 308 1754 600 1798; x_wconf 86' lang='lat' dir='ltr'>excusationem,</span> <span class='ocrx_word' id='word_1_187' title='bbox 628 1767 673 1789; x_wconf 88' lang='lat' dir='ltr'>ne</span> <span class='ocrx_word' id='word_1_188' title='bbox 709 1767 746 1789; x_wconf 91' lang='lat' dir='ltr'>se</span> <span class='ocrx_word' id='word_1_189' title='bbox 776 1754 943 1801; x_wconf 86' lang='lat' dir='ltr'>partibus</span> <span class='ocrx_word' id='word_1_190' title='bbox 977 1755 1157 1790; x_wconf 84' lang='lat' dir='ltr'>misceret.</span> <span class='ocrx_word' id='word_1_191' title='bbox 1185 1771 1200 1786; x_wconf 92' lang='lat'>«</span> <span class='ocrx_word' id='word_1_192' title='bbox 1228 1756 1306 1789; x_wconf 88' lang='lat' dir='ltr'>Lex</span> <span class='ocrx_word' id='word_1_193' title='bbox 1330 1767 1351 1789; x_wconf 89' lang='lat' dir='ltr'>a</span> <span class='ocrx_word' id='word_1_194' title='bbox 1380 1754 1686 1802; x_wconf 86' lang='lat' dir='ltr'>quinquagesimo</span> 
     </span>
     <span class='ocr_line' id='line_1_27' title="bbox 308 1807 1688 1864; baseline 0.001 -14"><span class='ocrx_word' id='word_1_195' title='bbox 308 1828 408 1851; x_wconf 90' lang='lat' dir='ltr'>anno</span> <span class='ocrx_word' id='word_1_196' title='bbox 432 1816 588 1851; x_wconf 89' lang='lat' dir='ltr'>militem</span> <span class='ocrx_word' id='word_1_197' title='bbox 608 1829 686 1851; x_wconf 90' lang='lat' dir='ltr'>non</span> <span class='ocrx_word' id='word_1_198' title='bbox 706 1817 826 1863; x_wconf 89' lang='lat' dir='ltr'>cogit,</span> <span class='ocrx_word' id='word_1_199' title='bbox 848 1829 869 1852; x_wconf 91' lang='lat' dir='ltr'>a</span> <span class='ocrx_word' id='word_1_200' title='bbox 887 1807 1115 1864; x_wconf 83' lang='lat' dir='ltr'>sexagesimo</span> <span class='ocrx_word' id='word_1_201' title='bbox 1135 1824 1343 1852; x_wconf 85' lang='lat' dir='ltr'>senatorem</span> <span class='ocrx_word' id='word_1_202' title='bbox 1362 1828 1441 1850; x_wconf 84' lang='lat' dir='ltr'>non</span> <span class='ocrx_word' id='word_1_203' title='bbox 1461 1816 1559 1851; x_wconf 87' lang='lat' dir='ltr'>citat.</span> <span class='ocrx_word' id='word_1_204' title='bbox 1584 1832 1599 1847; x_wconf 90' lang='lat'>»</span> <span class='ocrx_word' id='word_1_205' title='bbox 1619 1816 1688 1851; x_wconf 86' lang='lat' dir='ltr'>Se-</span> 
     </span>
     <span class='ocr_line' id='line_1_28' title="bbox 308 1878 907 1921; baseline 0 -9"><span class='ocrx_word' id='word_1_206' title='bbox 308 1889 415 1921; x_wconf 88' lang='lat' dir='ltr'>neca,</span> <span class='ocrx_word' id='word_1_207' title='bbox 437 1878 484 1912; x_wconf 87' lang='lat' dir='ltr'>de</span> <span class='ocrx_word' id='word_1_208' title='bbox 506 1879 689 1912; x_wconf 80' lang='lat' dir='ltr'>Brevitate</span> <span class='ocrx_word' id='word_1_209' title='bbox 711 1879 821 1920; x_wconf 68' lang='lat' dir='ltr'>vitae,</span> <span class='ocrx_word' id='word_1_210' title='bbox 847 1890 907 1912; x_wconf 85' lang='lat' dir='ltr'>xx.</span> 
     </span>
    </p>

    <p class='ocr_par' dir='ltr' id='par_1_14' title="bbox 308 1938 1686 2036">
     <span class='ocr_line' id='line_1_29' title="bbox 359 1938 1686 1987; baseline -0.001 -14"><span class='ocrx_word' id='word_1_211' title='bbox 359 1938 442 1974; x_wconf 76' lang='lat' dir='ltr'>CAP.</span> <span class='ocrx_word' id='word_1_212' title='bbox 457 1941 558 1974; x_wconf 92' lang='lat' dir='ltr'>VIII.</span> <span class='ocrx_word' id='word_1_213' title='bbox 585 1939 838 1974; x_wconf 74' lang='lat' dir='ltr'>Consensionis·</span> <span class='ocrx_word' id='word_1_214' title='bbox 853 1939 995 1987; x_wconf 80' lang='lat' dir='ltr'>globus.</span> <span class='ocrx_word' id='word_1_215' title='bbox 1016 1940 1072 1974; x_wconf 90' lang='lat' dir='ltr'>Ita</span> <span class='ocrx_word' id='word_1_216' title='bbox 1086 1938 1183 1973; x_wconf 89' lang='lat' dir='ltr'>hunc</span> <span class='ocrx_word' id='word_1_217' title='bbox 1204 1938 1514 1973; x_wconf 87' lang='lat' dir='ltr'>consentientium</span> <span class='ocrx_word' id='word_1_218' title='bbox 1528 1938 1686 1985; x_wconf 86' lang='lat' dir='ltr'>globum</span> 
     </span>
     <span class='ocr_line' id='line_1_30' title="bbox 308 1999 1151 2036; baseline 0 -2"><span class='ocrx_word' id='word_1_219' title='bbox 308 2000 367 2034; x_wconf 89' lang='lat' dir='ltr'>vel</span> <span class='ocrx_word' id='word_1_220' title='bbox 392 2007 526 2035; x_wconf 89' lang='lat' dir='ltr'>coetum</span> <span class='ocrx_word' id='word_1_221' title='bbox 553 2013 648 2036; x_wconf 91' lang='lat' dir='ltr'>unus</span> <span class='ocrx_word' id='word_1_222' title='bbox 675 2001 894 2035; x_wconf 87' lang='lat' dir='ltr'>dissentiens</span> <span class='ocrx_word' id='word_1_223' title='bbox 918 1999 1151 2035; x_wconf 85' lang='lat' dir='ltr'>disturbavit.</span> 
     </span>
    </p>

    <p class='ocr_par' dir='ltr' id='par_1_15' title="bbox 361 2060 1684 2108">
     <span class='ocr_line' id='line_1_31' title="bbox 361 2060 1684 2108; baseline -0.002 -12"><span class='ocrx_word' id='word_1_224' title='bbox 361 2062 646 2096; x_wconf 81' lang='lat' dir='ltr'>vaz&#39;nciarum.</span> <span class='ocrx_word' id='word_1_225' title='bbox 661 2062 805 2097; x_wconf 88' lang='lat' dir='ltr'>Referri</span> <span class='ocrx_word' id='word_1_226' title='bbox 819 2062 930 2096; x_wconf 91' lang='lat' dir='ltr'>debet</span> <span class='ocrx_word' id='word_1_227' title='bbox 943 2061 991 2096; x_wconf 89' lang='lat' dir='ltr'>ad</span> <span class='ocrx_word' id='word_1_228' title='bbox 1006 2061 1119 2096; x_wconf 75' lang='lat' dir='ltr'>verba</span> <span class='ocrx_word' id='word_1_229' title='bbox 1132 2060 1320 2107; x_wconf 81' lang='lat' dir='ltr'>sequentia</span> <span class='ocrx_word' id='word_1_230' title='bbox 1332 2087 1343 2102; x_wconf 94' lang='lat'>,</span> <span class='ocrx_word' id='word_1_231' title='bbox 1357 2061 1561 2108; x_wconf 78' lang='lat' dir='ltr'>desperatis</span> <span class='ocrx_word' id='word_1_232' title='bbox 1570 2060 1684 2095; x_wconf 79' lang='lat' dir='ltr'>rebus.</span> 
     </span>
    </p>

    <p class='ocr_par' dir='ltr' id='par_1_16' title="bbox 307 2121 1687 2354">
     <span class='ocr_line' id='line_1_32' title="bbox 362 2121 1686 2169; baseline -0.002 -12"><span class='ocrx_word' id='word_1_233' title='bbox 362 2123 473 2157; x_wconf 66' lang='lat' dir='ltr'>Nects·</span> <span class='ocrx_word' id='word_1_234' title='bbox 491 2135 616 2157; x_wconf 81' lang='lat' dir='ltr'>causa.</span> <span class='ocrx_word' id='word_1_235' title='bbox 638 2123 709 2157; x_wconf 87' lang='lat' dir='ltr'>Alii</span> <span class='ocrx_word' id='word_1_236' title='bbox 729 2124 855 2169; x_wconf 84' lang='lat' dir='ltr'>legunt</span> <span class='ocrx_word' id='word_1_237' title='bbox 877 2123 968 2156; x_wconf 67' lang='lat' dir='ltr'>dicis·</span> <span class='ocrx_word' id='word_1_238' title='bbox 992 2135 1126 2165; x_wconf 82' lang='lat' dir='ltr'>causa,</span> <span class='ocrx_word' id='word_1_239' title='bbox 1152 2122 1300 2169; x_wconf 83' lang='lat' dir='ltr'>gallice,</span> <span class='ocrx_word' id='word_1_240' title='bbox 1314 2135 1390 2168; x_wconf 78' lang='lat' dir='ltr'>par</span> <span class='ocrx_word' id='word_1_241' title='bbox 1404 2121 1568 2156; x_wconf 68' lang='lat' dir='ltr'>muniere</span> <span class='ocrx_word' id='word_1_242' title='bbox 1585 2122 1686 2155; x_wconf 78' lang='lat' dir='ltr'>d&#39;ac—</span> 
     </span>
     <span class='ocr_line' id='line_1_33' title="bbox 308 2182 1687 2231; baseline 0 -13"><span class='ocrx_word' id='word_1_243' title='bbox 308 2183 720 2231; x_wconf 78' lang='lat' dir='ltr'>quit,pourlafor1nc,</span> <span class='ocrx_word' id='word_1_244' title='bbox 741 2196 818 2230; x_wconf 86' lang='lat' dir='ltr'>quae</span> <span class='ocrx_word' id='word_1_245' title='bbox 842 2183 951 2218; x_wconf 88' lang='lat' dir='ltr'>lectio</span> <span class='ocrx_word' id='word_1_246' title='bbox 972 2190 1024 2218; x_wconf 85' lang='lat' dir='ltr'>est</span> <span class='ocrx_word' id='word_1_247' title='bbox 1046 2183 1255 2228; x_wconf 85' lang='lat' dir='ltr'>conjectura</span> <span class='ocrx_word' id='word_1_248' title='bbox 1267 2182 1420 2228; x_wconf 78' lang='lat' dir='ltr'>cujacii,</span> <span class='ocrx_word' id='word_1_249' title='bbox 1437 2190 1472 2217; x_wconf 87' lang='lat' dir='ltr'>et</span> <span class='ocrx_word' id='word_1_250' title='bbox 1490 2183 1581 2217; x_wconf 87' lang='lat' dir='ltr'>mihi</span> <span class='ocrx_word' id='word_1_251' title='bbox 1595 2195 1687 2230; x_wconf 82' lang='lat' dir='ltr'>prae-</span> 
     </span>
     <span class='ocr_line' id='line_1_34' title="bbox 307 2244 1684 2292; baseline -0.001 -12"><span class='ocrx_word' id='word_1_252' title='bbox 307 2244 460 2288; x_wconf 85' lang='lat' dir='ltr'>ferenda</span> <span class='ocrx_word' id='word_1_253' title='bbox 485 2245 644 2281; x_wconf 86' lang='lat' dir='ltr'>videtur.</span> <span class='ocrx_word' id='word_1_254' title='bbox 676 2247 805 2280; x_wconf 78' lang='lat' dir='ltr'>Brutus</span> <span class='ocrx_word' id='word_1_255' title='bbox 829 2245 927 2280; x_wconf 89' lang='lat' dir='ltr'>enim</span> <span class='ocrx_word' id='word_1_256' title='bbox 959 2252 994 2279; x_wconf 88' lang='lat' dir='ltr'>ct</span> <span class='ocrx_word' id='word_1_257' title='bbox 1021 2245 1183 2286; x_wconf 86' lang='lat' dir='ltr'>Cassius,</span> <span class='ocrx_word' id='word_1_258' title='bbox 1211 2257 1278 2292; x_wconf 88' lang='lat' dir='ltr'>per</span> <span class='ocrx_word' id='word_1_259' title='bbox 1303 2245 1461 2291; x_wconf 87' lang='lat' dir='ltr'>speciem</span> <span class='ocrx_word' id='word_1_260' title='bbox 1489 2252 1524 2280; x_wconf 88' lang='lat' dir='ltr'>et</span> <span class='ocrx_word' id='word_1_261' title='bbox 1548 2258 1684 2280; x_wconf 79' lang='lat' dir='ltr'>nomen</span> 
     </span>
     <span class='ocr_line' id='line_1_35' title="bbox 308 2306 1530 2354; baseline 0 -14"><span class='ocrx_word' id='word_1_262' title='bbox 308 2306 604 2354; x_wconf 87' lang='lat' dir='ltr'>provinciarum,</span> <span class='ocrx_word' id='word_1_263' title='bbox 632 2308 750 2342; x_wconf 84' lang='lat' dir='ltr'>Roma</span> <span class='ocrx_word' id='word_1_264' title='bbox 769 2306 902 2341; x_wconf 75' lang='lat' dir='ltr'>remoti</span> <span class='ocrx_word' id='word_1_265' title='bbox 920 2306 1081 2350; x_wconf 81' lang='lat' dir='ltr'>fuerant,</span> <span class='ocrx_word' id='word_1_266' title='bbox 1108 2313 1144 2340; x_wconf 88' lang='lat' dir='ltr'>ct</span> <span class='ocrx_word' id='word_1_267' title='bbox 1166 2306 1265 2340; x_wconf 86' lang='lat' dir='ltr'>velut</span> <span class='ocrx_word' id='word_1_268' title='bbox 1287 2306 1410 2341; x_wconf 85' lang='lat' dir='ltr'>exules</span> <span class='ocrx_word' id='word_1_269' title='bbox 1435 2306 1530 2341; x_wconf 84' lang='lat' dir='ltr'>facti.</span> 
     </span>
    </p>

    <p class='ocr_par' dir='ltr' id='par_1_17' title="bbox 308 2367 1686 2477">
     <span class='ocr_line' id='line_1_36' title="bbox 359 2367 1686 2411; baseline 0 -9"><span class='ocrx_word' id='word_1_270' title='bbox 359 2367 441 2402; x_wconf 53' lang='lat' dir='ltr'>cip.</span> <span class='ocrx_word' id='word_1_271' title='bbox 473 2368 537 2402; x_wconf 90' lang='lat' dir='ltr'>IX.</span> <span class='ocrx_word' id='word_1_272' title='bbox 572 2368 942 2403; x_wconf 81' lang='lat' dir='ltr'>Commendationem.</span> <span class='ocrx_word' id='word_1_273' title='bbox 977 2367 1155 2411; x_wconf 71' lang='lat' dir='ltr'>Quaedam</span> <span class='ocrx_word' id='word_1_274' title='bbox 1189 2367 1370 2402; x_wconf 87' lang='lat' dir='ltr'>editiones</span> <span class='ocrx_word' id='word_1_275' title='bbox 1396 2369 1686 2403; x_wconf 78' lang='lat' dir='ltr'>commoditatem</span> 
     </span>
     <span class='ocr_line' id='line_1_37' title="bbox 308 2429 991 2477; baseline 0 -14"><span class='ocrx_word' id='word_1_276' title='bbox 308 2430 458 2465; x_wconf 86' lang='lat' dir='ltr'>habent.</span> <span class='ocrx_word' id='word_1_277' title='bbox 485 2430 691 2477; x_wconf 86' lang='lat' dir='ltr'>Utrumque</span> <span class='ocrx_word' id='word_1_278' title='bbox 716 2436 837 2477; x_wconf 86' lang='lat' dir='ltr'>potest</span> <span class='ocrx_word' id='word_1_279' title='bbox 861 2429 991 2476; x_wconf 90' lang='lat' dir='ltr'>excipi.</span> 
     </span>
    </p>

    <p class='ocr_par' dir='ltr' id='par_1_18' title="bbox 309 2490 1686 2649">
     <span class='ocr_line' id='line_1_38' title="bbox 367 2490 1683 2538; baseline 0 -13"><span class='ocrx_word' id='word_1_280' title='bbox 367 2493 569 2527; x_wconf 83' lang='lat' dir='ltr'>Volumnio.</span> <span class='ocrx_word' id='word_1_281' title='bbox 594 2494 627 2527; x_wconf 83' lang='lat' dir='ltr'>Is</span> <span class='ocrx_word' id='word_1_282' title='bbox 650 2491 747 2526; x_wconf 86' lang='lat' dir='ltr'>inter</span> <span class='ocrx_word' id='word_1_283' title='bbox 769 2491 921 2526; x_wconf 86' lang='lat' dir='ltr'>Antonii</span> <span class='ocrx_word' id='word_1_284' title='bbox 944 2490 1243 2526; x_wconf 77' lang='lat' dir='ltr'>familiarissimos</span> <span class='ocrx_word' id='word_1_285' title='bbox 1276 2497 1373 2535; x_wconf 87' lang='lat' dir='ltr'>erat,</span> <span class='ocrx_word' id='word_1_286' title='bbox 1399 2491 1461 2538; x_wconf 91' lang='lat' dir='ltr'>qui</span> <span class='ocrx_word' id='word_1_287' title='bbox 1489 2498 1523 2525; x_wconf 89' lang='lat' dir='ltr'>et</span> <span class='ocrx_word' id='word_1_288' title='bbox 1550 2492 1683 2526; x_wconf 87' lang='lat' dir='ltr'>Eutra-</span> 
     </span>
     <span class='ocr_line' id='line_1_39' title="bbox 309 2551 1686 2599; baseline -0.001 -11"><span class='ocrx_word' id='word_1_289' title='bbox 309 2554 412 2598; x_wconf 86' lang='lat' dir='ltr'>pelus</span> <span class='ocrx_word' id='word_1_290' title='bbox 442 2553 648 2595; x_wconf 84' lang='lat' dir='ltr'>dicebatur,</span> <span class='ocrx_word' id='word_1_291' title='bbox 677 2552 868 2599; x_wconf 78' lang='lat' dir='ltr'>praefectus</span> <span class='ocrx_word' id='word_1_292' title='bbox 904 2552 1065 2597; x_wconf 89' lang='lat' dir='ltr'>fabrum,</span> <span class='ocrx_word' id='word_1_293' title='bbox 1089 2552 1135 2587; x_wconf 89' lang='lat' dir='ltr'>de</span> <span class='ocrx_word' id='word_1_294' title='bbox 1169 2564 1243 2599; x_wconf 90' lang='lat' dir='ltr'>quo</span> <span class='ocrx_word' id='word_1_295' title='bbox 1278 2551 1428 2596; x_wconf 88' lang='lat' dir='ltr'>Cicero,</span> <span class='ocrx_word' id='word_1_296' title='bbox 1460 2552 1575 2599; x_wconf 89' lang='lat' dir='ltr'>Epist.</span> <span class='ocrx_word' id='word_1_297' title='bbox 1618 2553 1686 2597; x_wconf 76' lang='lat'>26,</span> 
     </span>
     <span class='ocr_line' id='line_1_40' title="bbox 311 2614 665 2649; baseline -0.003 -1"><span class='ocrx_word' id='word_1_298' title='bbox 311 2614 375 2648; x_wconf 73' lang='lat' dir='ltr'>lib.</span> <span class='ocrx_word' id='word_1_299' title='bbox 400 2626 452 2649; x_wconf 73' lang='lat' dir='ltr'>tx.</span> <span class='ocrx_word' id='word_1_300' title='bbox 476 2615 665 2648; x_wconf 68' lang='lat' dir='ltr'>Corwrm.</span> 
     </span>
    </p>
   </div>
  </div>
 </body>
</html>
