1859 3310
521 258 570 291 IN
600 256 740 290 vrrAs
773 254 979 290 EXCELL.
1011 255 1176 290 IMPER.
1461 270 1530 303 2¹7

167 338 317 372 lentiam
342 339 575 381 dicebantur,
600 336 913 384 quemadmodum
936 337 1055 371 Roma
1072 337 1179 379 Urbs,
1206 338 1307 384 apud
1331 339 1531 376 Romanos.

166 399 269 434 Hanc
300 407 441 434 tantum
471 398 572 434 urbis
599 405 741 444 partem
769 396 807 431 in
834 409 905 444 qua
935 409 1001 432 arx
1024 404 1120 441 erat,
1144 393 1214 434 ἀςύ
1246 406 1353 433 vocat
1383 401 1534 444 Strabo,

166 472 222 505 1x,
250 461 342 496 sicut
367 461 465 508 apud
487 472 555 494 nos
578 466 681 493 vetus
706 458 854 493 Lutecia
875 465 1028 493 vocatur
1050 460 1173 494 civitas
1184 486 1196 504 ‚
1218 460 1347 507 gallice
1367 463 1407 495 la
1426 463 1500 497 cite'.

219 522 421 557 Classiarii.
453 520 582 555 Classis
601 518 747 554 milites.

216 584 416 618 Barbarus.
447 583 590 616 Xerxes
609 580 765 625 scilicet,
785 593 805 616 e
823 582 1035 616 Graecorum
1055 588 1090 616 et
1113 583 1367 618 Romanorum
1385 597 1499 620 more.

216 645 299 679 CAP.
319 645 382 678 VI.
409 643 576 690 Triplex.
602 641 784 677 Nimirum
801 641 935 676 Piraeus
954 641 1051 688 ipse,
1069 642 1245 678 Phalerus
1264 651 1300 679 et
1319 646 1532 693 Munychia,

163 712 234 740 tres
257 710 385 750 portus
409 716 430 738 a
450 710 581 738 natura
601 702 707 747 facti,
732 714 807 737 uno
831 715 937 738 muro
965 703 1127 738 conclusi
1151 711 1245 739 sunt.

213 764 295 799 CAP.
310 765 395 799 VII.
420 765 521 800 Deos
534 764 716 812 publicos.
741 763 787 799 Id
809 770 862 799 est
885 764 955 799 toti
978 764 1126 799 Graeciae
1151 778 1374 802 communes.
1388 768 1534 802 —Pa-

161 826 255 860 crios.
278 825 426 870 Patriae,
450 837 515 860 seu
533 824 684 860 Athenis
708 831 744 860 et
769 824 894 860 Atticis
918 824 1131 871 peculiares.
1147 846 1200 854 —
1218 828 1385 863 Penates.
1411 830 1533 862 Pena-

161 887 259 922 tibus
281 887 340 922 vel
358 886 504 921 familiis
527 886 680 934 singulis
703 885 887 934 proprios.
911 887 967 920 Ita
987 885 1078 920 dicti
1103 899 1123 920 a
1140 888 1354 933 Penatibus,
1368 896 1407 923 ut
1419 891 1533 924 Lares

160 961 180 982 a
205 947 379 993 Laribus,
403 960 466 983 seu
490 947 675 983 domibus.

214 1010 297 1045 CA».
322 1010 425 1045 VIII.
453 1011 645 1044 Tea-tarum
664 1009 868 1058 suffiaglis.
895 1010 967 1045 Seu
991 1009 1225 1055 ostracismo,
1249 1023 1361 1058 poena
1391 1023 1470 1058 quae
1494 1010 1532 1045 in

160 1084 205 1107 eo
235 1072 449 1116 constabat,
479 1078 518 1106 ut
549 1072 719 1106 abessent
748 1072 795 1106 ab
825 1071 916 1106 urbe
943 1071 990 1106 ad
1019 1070 1214 1106 definitum
1238 1079 1399 1119 tempus,
1420 1073 1532 1119 vulgo

160 1132 398 1183 decennium,
422 1144 469 1168 ne
492 1132 660 1179 potentia
690 1139 726 1167 et
750 1132 884 1179 gratia,
904 1144 974 1178 qua
992 1133 1196 1178 pollerent,
1215 1133 1263 1167 ad
1284 1133 1532 1168 invadendam

159 1193 394 1240 tyrannidem
417 1193 679 1237 invitarentur,
705 1200 740 1228 et
764 1193 924 1240 populus
954 1192 1126 1228 libertate
1151 1193 1369 1240 privaretur.
1401 1195 1530 1229 Ostra-

157 1256 290 1289 cismus
313 1254 444 1302 igitur,
469 1255 528 1290 vel
547 1254 781 1302 ὸςροικιο-μδς,
804 1268 823 1290 a
842 1267 934 1289 voce
951 1251 1120 1300 ὅςρακον,
1140 1262 1251 1300 testa,
1272 1255 1443 1303 religatio
1464 1255 1531 1290 de-

157 1316 320 1352 cennalis
345 1323 423 1352 erat
446 1329 513 1364 per
536 1324 646 1352 testas
670 1316 710 1351 in
734 1329 869 1352 urnam
889 1316 1028 1350 missas.

208 1379 335 1426 Argos.
365 1378 457 1422 Ubi,
487 1378 537 1413 ait
565 1378 783 1422 Lambinus,
815 1377 1143 1414 commorabantur
1168 1377 1233 1424 qui
1256 1383 1431 1412 testarum
1454 1376 1530 1411 suf-

156 1438 281 1486 fragiis
303 1451 322 1474 e
347 1439 494 1475 civitate
520 1438 628 1485 ejecti
652 1446 767 1475 erant.

207 1501 344 1535 Filiam
363 1499 441 1545 ejus
453 1502 655 1548 parvulam
671 1501 843 1547 arripuit,
870 1509 906 1536 et
923 1514 1004 1536 cum
1022 1513 1078 1536 ea.
1104 1500 1200 1535 Mihi
1227 1500 1374 1536 videtur
1395 1500 1529 1536 rectius

154 1562 352 1609 legendum
366 1576 374 1596 :
382 1562 510 1609 filium
534 1560 612 1607 ejus
625 1564 822 1610 parvulum
846 1563 1020 1610 arripuit,
1048 1569 1085 1597 et
1105 1574 1185 1596 cum
1215 1574 1268 1597 eo.
1295 1561 1530 1610 Thucydides

156 1623 273 1667 enim,
294 1636 308 1657 1
321 1650 331 1667 ‚
360 1622 451 1667 136,
473 1635 515 1657 ac
536 1623 773 1667 Plutarchus,
792 1623 875 1658 ibid.
886 1650 898 1667 ,
920 1622 1037 1658 filium
1048 1650 1059 1666 ,
1081 1635 1158 1657 non
1177 1621 1292 1657 filiam
1313 1630 1476 1659 narrant.

206 1686 251 1719 In
262 1685 476 1719 sacrarium.
486 1684 562 1720 Ubi
575 1678 656 1721 ἕςισι
670 1691 765 1729 erat,
780 1697 843 1720 seu
856 1685 978 1729 focus,
989 1691 1025 1719 et
1033 1685 1145 1719 Lares
1153 1697 1163 1729 3
1175 1696 1194 1719 e
1207 1684 1291 1719 foco
1306 1685 1421 1729 enim,
1430 1685 1530 1720 velut

154 1746 274 1794 asylo,
293 1746 484 1782 extrahere
502 1746 604 1782 nefas
617 1747 814 1783 ducebam.
832 1747 926 1781 Vide
937 1748 1212 1791 PLUTARCHUM,
1231 1747 1277 1781 ib.

204 1809 289 1843 CAP.
309 1809 373 1843 IX.
400 1809 466 1844 Ad
483 1810 742 1844 Artaxerxem.
767 1810 990 1844 Artaxerxes
1007 1807 1227 1857 Μακρόχειρ
1244 1821 1306 1844 seu
1328 1808 1528 1856 Longima—

154 1881 240 1914 nus,
258 1869 321 1917 qui
333 1869 452 1905 Xerxi
468 1870 566 1917 patri
584 1877 821 1905 successerat:
842 1881 863 1905 a
881 1882 999 1917 graeco
1018 1868 1153 1916 ἀρτδις,
1165 1882 1320 1918 magnus
1335 1871 1395 1905 vel
1407 1870 1530 1918 splen-

153 1930 279 1975 didus,
305 1931 489 1979 Hesychio
515 1931 736 1978 interprete,
760 1931 811 1965 ita
836 1938 876 1966 ut
905 1933 1141 1967 Artaxerxes
1168 1930 1350 1979 significet
1371 1944 1530 1980 magnus

152 1994 295 2028 Xetwes
304 2019 317 2036 ,
345 1992 475 2040 gallice
493 1991 869 2028 Xerxes-le-Grand.

204 2055 287 2090 CAP.
308 2055 356 2090 X.
393 2056 488 2101 Quoe
507 2056 542 2090 ei
549 2067 694 2101 panem
705 2055 900 2102 proeberet.
921 2055 1029 2089 Hunc
1051 2067 1195 2090 morem
1211 2056 1404 2090 Persarum
1422 2066 1528 2089 com-

151 2123 334 2151 memorat
345 2116 493 2160 Cicero,
507 2116 544 2150 in
562 2116 727 2159 Verrem,
749 2128 821 2160 111,
841 2114 888 2150 33
906 2128 913 2149 :
930 2131 945 2147 α
961 2115 1089 2151 Solere
1109 2115 1212 2151 aiunt
1229 2115 1409 2150 barbaros
1425 2127 1529 2162 reges

152 2180 344 2213 Persarum
368 2190 410 2213 ac
435 2178 612 2225 Syrorum
636 2177 761 2224 plures
785 2189 919 2212 uxores
948 2176 1107 2222 habere3
1125 2177 1182 2212 his
1207 2184 1329 2212 autem
1352 2176 1529 2212 uxoribus

150 2239 315 2274 civitates
345 2239 545 2274 attribuere
571 2239 644 2273 hoc
672 2238 788 2273 modo
810 2251 818 2272 :
845 2238 922 2272 haec
947 2237 1075 2273 civitas
1104 2238 1251 2274 mulieri
1273 2237 1529 2274 redimiculum

151 2301 314 2347 praebeat
328 2314 338 2345 3
356 2301 434 2336 haec
451 2300 491 2334 in
511 2300 666 2343 collum,
684 2299 761 2333 haec
779 2299 818 2333 in
837 2299 968 2334 crines.
986 2315 1000 2330 »

203 2361 462 2397 Themistoclis
486 2359 649 2408 effigiem
671 2360 823 2396 exhibet
840 2372 1010 2395 nummus
1032 2372 1115 2395 cum
1132 2361 1202 2395 hac
1228 2360 1471 2407 inscriptione
1490 2360 1529 2394 in

151 2424 272 2459 antica
296 2431 402 2471 parte
423 2437 430 2458 :
452 2422 803 2458 ΘΕΜΙΣΤΟΚΛΗΣ
825 2422 1068 2457 ΑΘΗΝΑῙΟΣ
1091 2419 1151 2470 (Τ
1149 2421 1381 2457 hemistocles
1408 2421 1527 2457 Athe>-

150 2484 299 2535 niensis)
307 2498 322 2529 ;
336 2486 375 2520 in
389 2485 549 2532 postica,
570 2484 735 2520 Victoria
748 2496 869 2531 prorae
887 2484 991 2519 navis
1004 2483 1194 2527 insistens,
1206 2483 1334 2518 dextra
1349 2484 1508 2530 palmam
1519 2510 1528 2527 ‚

151 2547 298 2582 sinistra
312 2548 473 2583 lauream
486 2554 635 2591 tenens,
648 2559 730 2582 cum
742 2546 799 2581 his
813 2546 961 2581 litteris:
974 2546 1099 2582 ΚΑΤΑ
1117 2545 1294 2580 ΠΕΡΣΩΝ
1310 2543 1369 2593 (de
1379 2544 1527 2582 Persis).

151 2607 321 2656 Effigiem
352 2609 515 2655 ejusdem
539 2609 654 2645 habes
681 2609 794 2656 paulo
821 2608 1004 2644 diversam
1031 2621 1049 2643 e
1074 2620 1221 2655 gemma
1240 2606 1409 2642 annulari
1433 2605 1529 2641 inter

150 2670 331 2718 Imagines
357 2671 503 2715 Ursini,
530 2684 628 2706 num.
650 2675 733 2712 141.
