1859 3310
333 268 407 292 220
935 259 1102 293 NOTAE

331 339 532 387 quadriga,
558 346 592 375 et
616 339 817 374 Victoriam
845 353 954 387 super
977 342 1094 388 capita
1127 354 1304 389 equorum
1329 347 1506 385 stantem,
1532 354 1614 376 cum
1639 343 1696 377 his

334 400 466 435 litteris
487 414 494 435 :
517 401 833 438 ΣΤΡΑΚΟΣΙΩΝ
849 414 859 445 ;
878 402 1010 448 legitur
1028 403 1067 437 in
1090 411 1193 450 parte
1219 403 1338 437 antica
1365 403 1581 437 diadematis
1604 405 1695 438 Pro-

332 461 504 508 serpinae,
530 462 703 499 KIMQN.
731 465 820 498 Vide
838 465 1045 508 ΜΙΟΝΝΕΤ,
1065 465 1189 499 Descr.
1209 465 1274 498 cles
1292 464 1385 498 med.
1398 490 1409 506 ,
1430 471 1454 498 t.
1476 476 1510 507 1,
1529 476 1564 510 p.
1586 476 1673 511 297.

761 579 809 606 IN
844 578 1072 606 LYSANDRI
1106 578 1263 607 VITAM.

380 673 462 707 CAP.
489 673 518 707 I.
549 675 673 721 AEgos.
699 676 729 708 A
752 684 869 720 graeco
895 667 976 722 αἲξ,
1001 685 1128 721 capra,
1154 670 1282 724 σιῖγος,
1305 676 1469 722 genitivo
1499 688 1593 711 casu.
1613 676 1697 711 Non

329 740 470 769 tantum
483 731 638 778 flumen,
657 734 745 769 urbs
761 747 850 769 vero
872 734 923 770 sic
942 742 1104 772 vocatur.
1124 736 1333 783 Stephanus
1353 750 1360 771 :
1381 735 1494 786 Atym
1516 736 1698 781 ποταμοὶ,

328 793 438 831 πόλις
462 793 496 831 ἐν
518 792 795 842 Ἑλλησπόντῳ.
831 796 924 830 Vide
950 798 1077 841 va„
1102 810 1154 840 11,
1182 795 1247 841 58;
1272 810 1330 841 ιν,
1359 810 1398 832 11
1418 811 1428 842 3
1452 800 1570 843 Μεμ,
1591 811 1642 843 11,
1663 812 1696 834 2.

382 858 518 892 Decem
540 858 740 906 delegerat.
767 857 919 893 Athenis
945 857 1094 905 triginta
1120 858 1346 905 praefecerat,
1369 858 1496 893 decem
1514 871 1604 894 vero
1622 862 1697 907 Py-

327 931 413 953 raeo.
432 920 544 954 PLu'r.
557 946 567 963 ‚
586 918 669 953 ibid.
678 946 690 962 ,
710 921 838 963 Pru„
858 919 975 966 Epist.
987 946 996 963 ,
1010 931 1082 953 vn.
1102 918 1151 953 Hi
1169 926 1297 965 postea
1317 919 1467 966 triginta
1480 919 1551 953 viri
1570 920 1699 955 urbem

330 980 501 1016 servitute
526 987 804 1028 oppresserunt,
823 987 859 1015 et
876 980 1026 1028 triginta
1044 980 1191 1027 tyranni
1216 980 1306 1015 dicti
1327 987 1420 1015 sunt.

380 1043 463 1078 (ΠΛΡ.
484 1043 552 1078 III.
575 1044 640 1078 Ad
658 1044 808 1077 oracula
829 1040 974 1087 afim-e.
998 1041 1058 1077 Sic
1084 1041 1181 1088 apud
1201 1041 1419 1077 Ciceronem
1432 1070 1441 1086 ‚
1475 1055 1509 1087 1,
1527 1044 1586 1077 De
1597 1044 1699 1078 Divi-

327 1104 493 1146 natione,
518 1104 652 1151 legitur
677 1114 684 1134 ε
709 1120 724 1135 «
753 1103 827 1139 Sed
855 1103 901 1138 de
928 1103 1039 1138 rebus
1065 1102 1230 1137 obscuris
1255 1103 1301 1138 ad
1327 1103 1540 1151 Apollinem
1568 1117 1700 1140 censeo

327 1164 574 1200 referendum.
599 1181 614 1196 »

380 1227 558 1274 Delphos.
588 1226 733 1262 Scilicet
760 1226 927 1274 Pythiam
957 1232 992 1261 et
1016 1225 1213 1270 antistites,
1233 1226 1295 1273 qui
1319 1226 1474 1273 Delphis
1499 1227 1537 1262 in
1561 1227 1701 1273 templo

327 1288 516 1335 Apollinis
530 1288 687 1323 oraculis
705 1294 897 1334 praeerant.
913 1287 1181 1322 Demosthenes
1198 1287 1367 1335 Pythiam
1386 1288 1595 1336 delphicam
1613 1300 1702 1323 auro

327 1350 387 1384 vel
405 1350 564 1384 nummis
584 1348 703 1384 aureis
722 1348 885 1395 Philippi
904 1354 1117 1394 corruptam
1131 1376 1140 1392 ,
1163 1347 1426 1395 φιλιππίζειν,
1449 1349 1606 1385 dicebat.

380 1412 589 1446 Dodonam.
600 1411 725 1446 Veluti
742 1423 868 1458 supra,
889 1409 952 1458 qui
970 1411 1109 1446 oraculi
1123 1411 1297 1446 dodonaei
1315 1418 1416 1446 vates
1437 1418 1703 1458 corrumperet.

379 1472 462 1507 Iovi
476 1472 660 1507 Ammoni.
684 1472 729 1508 Id
748 1479 801 1507 est
821 1472 925 1507 Jovis
945 1473 1137 1508 Aminonis
1160 1473 1310 1508 oraculo
1329 1473 1368 1507 in
1386 1472 1514 1520 Libya.

380 1532 495 1580 Afros
500 1533 671 1579 facilius.
686 1533 799 1578 Quod
814 1533 888 1569 sint
906 1533 1058 1569 lubricae
1071 1533 1177 1578 fidei,
1195 1534 1297 1569 unde
1311 1533 1409 1581 apud
1418 1533 1582 1576 Livium,
1588 1531 1704 1578 fraus

321 1597 527 1645 plusquam
538 1596 683 1643 punica
695 1622 706 1639 ,
729 1602 766 1631 et
785 1597 924 1643 punica
935 1595 1060 1642 fides;
1075 1596 1179 1631 unde
1187 1595 1299 1642 vafer
1315 1594 1444 1631 eadem
1462 1606 1536 1629 vox
1549 1606 1591 1630 ac
1610 1592 1704 1640 afer,

326 1669 405 1692 non
433 1663 574 1701 autem,
596 1663 639 1691 ut
656 1657 771 1706 vulgo
795 1657 974 1701 creditur,
999 1669 1041 1692 ae
1064 1657 1181 1692 valde
1198 1656 1291 1703 aser.

748 1773 796 1801 IN
831 1772 1089 1801 ALCIBIADIS
1123 1771 1285 1801 VITAM.

378 1869 461 1904 Cn.
487 1870 516 1904 Ῑ.
548 1871 762 1917 Imperator
785 1868 869 1915 ficit
896 1881 1068 1904 summus.
1100 1867 1198 1903 Hinc
1226 1867 1406 1912 Romani,
1431 1868 1531 1903 bello
1565 1868 1704 1904 samni-

325 1931 417 1974 tico,
438 1930 529 1977 jussi
548 1931 596 1966 ab
621 1930 794 1978 Apolline
816 1930 951 1978 Pythio
975 1929 1085 1977 graiae
1104 1928 1224 1976 gentis
1249 1928 1450 1964 fortissimo
1470 1929 1703 1965 simulacrum

325 1992 449 2028 dicare
458 1991 823 2037 ‚Alcibiadistatuam
830 1991 1051 2027 incornibus
1063 1989 1203 2026 comitii
1212 2002 1379 2037 posuere.
1388 1990 1494 2035 Plin.‚
1503 2003 1633 2036 xxxw,
1646 2004 1659 2026 1
1669 2004 1701 2027 2.

380 2055 463 2089 Cap.
479 2055 528 2088 ΙΙ.
547 2055 594 2088 In
616 2053 820 2101 Symposio.
840 2053 885 2089 Id
903 2060 956 2089 est
978 2053 1017 2088 in
1042 2052 1193 2099 dialogo
1215 2051 1278 2098 qui
1301 2051 1515 2087 inscribitur
1539 2053 1702 2101 Sympo-

325 2116 422 2151 sium
445 2113 713 2165 (Συμπόσιον),
737 2128 799 2150 seu
822 2114 1048 2150 convivium.

377 2177 548 2225 Acfilius
566 2189 592 2211 a
602 2183 764 2223 parente
781 2175 954 2211 debuerit.
977 2175 1107 2223 Longe
1130 2175 1238 2210 aliter
1256 2175 1304 2211 de
1323 2188 1368 2211 eo
1388 2175 1551 2222 loquitur
1568 2177 1704 2212 Petro-

324 2239 407 2274 nius
433 2238 473 2273 in
491 2238 677 2285 Satyrieo‚
704 2250 735 2272 c.
768 2236 839 2272 128
859 2251 867 2271 :
889 2253 904 2269 «
926 2237 1016 2272 Non
1039 2243 1114 2272 tam
1131 2236 1288 2272 intactus
1307 2236 1516 2272 Alcibiades
1539 2237 1578 2272 in
1605 2250 1703 2285 prae-

325 2299 488 2347 ceptoris
514 2299 569 2334 sui
591 2299 726 2334 lectulo
751 2298 829 2333 fuit.
854 2314 868 2329 υ

377 2362 461 2397 (ΠΛΡ.
473 2361 705 2396 III.Hermoe.
719 2361 886 2403 Hermoe,
900 2360 948 2396 ab
956 2357 1098 2406 Ἑρμῆς,
1106 2359 1310 2397 Mercurius
1321 2372 1452 2407 graece,
1464 2367 1589 2396 statuae
1600 2367 1704 2395 erant

326 2422 480 2470 lapideae
500 2422 704 2470 quadratae,
727 2421 807 2457 sine
828 2423 999 2458 manibus
1022 2429 1057 2458 et
1078 2422 1253 2470 pedibus,
1276 2434 1354 2469 quae
1374 2422 1413 2456 in
1438 2422 1571 2457 aedium
1592 2421 1704 2456 vesti-

326 2484 422 2519 bulis
442 2484 535 2532 poni
555 2483 744 2527 solebant;
766 2483 806 2518 in
828 2483 946 2519 triviis
969 2496 1116 2531 quoque
1145 2496 1187 2519 ac
1209 2482 1397 2530 compitis,
1416 2490 1455 2518 ut
1482 2483 1551 2518 iter
1573 2490 1702 2518 osten-

327 2545 467 2581 derent.
499 2542 767 2592 Ερμοιιοπίὲοις
785 2558 848 2581 seu
870 2545 1045 2580 Mercurii
1066 2551 1266 2581 statuarum
1291 2557 1477 2580 eversores
1497 2551 1532 2580 et
1551 2544 1703 2579 mutila-

327 2613 442 2652 tores,
465 2607 613 2653 hujusce
632 2607 812 2655 sacrilegii
831 2613 995 2642 auctores
1014 2613 1203 2642 vocarunt.

381 2670 520 2703 Facere
545 2669 727 2714 mysteria.
754 2669 797 2704 Id
828 2676 881 2704 cst
909 2669 1095 2703 celebrare
1126 2681 1224 2704 sacra
1255 2668 1415 2710 Cereris,
1440 2680 1502 2702 seu
1530 2669 1702 2716 mysteria
