1859 3310
668 196 977 231 FRAGMENTA.
1433 193 1500 228 165

149 289 361 340 quatenus
386 281 428 323 id
452 282 541 324 fieri
570 297 656 323 non
684 288 847 339 potest,
874 275 1011 320 multo
1035 285 1247 335 tempore,
1272 275 1503 335 multisque

148 359 341 418 partibus
371 360 533 403 inimici
561 358 695 401 nostri
729 374 817 400 non
847 357 1072 416 peribunt3
1108 364 1259 413 atque,
1293 354 1356 397 uti
1390 372 1506 398 nunc

147 448 269 493 sunt,
304 448 432 482 erunt
465 437 634 497 potius,
666 453 796 495 quam
827 435 1068 495 respublica
1099 433 1353 494 profligetur
1378 444 1507 495 atque

148 526 307 575 pereat.

618 597 790 641 Eadem
819 596 903 640 alio
930 595 1033 639 loco.

214 754 369 798 Verbis
389 756 608 816 conceptis
630 756 819 816 dejerare
842 757 1000 812 ausim,
1022 765 1307 816 praeterquam
1337 754 1410 814 qui
1437 754 1510 798 Ti-

146 831 316 876 berium
348 835 597 877 Gracchum
634 845 870 891 necarunt,
902 837 1119 878 neminem
1153 835 1377 877 inimicum
1417 843 1511 877 tan-

148 919 241 954 tum
272 912 498 967 molestiae,
533 923 792 973 tantumque
826 913 1002 969 laboris,
1036 922 1246 973 quantum
1276 922 1316 955 te
1349 913 1402 956 ob
1436 913 1511 955 has

148 1006 237 1043 res,
266 992 372 1034 mihi
407 991 670 1046 tradidisse:
705 1009 835 1052 quem
868 993 1097 1053 oportebat
1132 991 1329 1034 omnium
1362 1007 1510 1033 eorum

147 1086 257 1128 quos
289 1080 388 1113 ante
414 1071 639 1114 habuerim
669 1071 848 1127 liberos,
884 1072 1019 1131 partis
1049 1087 1199 1114 eorum
1232 1069 1414 1114 tolerare
1448 1079 1512 1113 at·-

81 1171 84 1175 ·
147 1164 232 1208 que
255 1165 428 1203 curare,
457 1159 506 1192 ut
533 1166 661 1209 quam
686 1151 915 1194 minimum
945 1149 1249 1193 sollicitudinis
1271 1150 1315 1191 in
1343 1158 1512 1192 senecta

147 1226 370 1284 haberem,
394 1229 567 1289 utique,
591 1246 873 1289 quaecumque
899 1245 1066 1290 ageres,
1096 1245 1144 1272 ea
1172 1227 1300 1271 velles
1329 1229 1513 1271 maxime

147 1305 254 1349 mihi
283 1305 470 1366 placere3
502 1317 630 1367 atque
658 1309 723 1351 uti
748 1309 866 1352 nefas
900 1308 1097 1362 haberes,
1125 1324 1271 1351 rerum
1299 1307 1511 1366 majorum

148 1384 378 1429 adversum
400 1403 539 1430 meam
559 1389 813 1432 sententiam
838 1388 1076 1448 quidquam
1102 1387 1250 1431 facere.
1275 1387 1514 1430 Praesertim

149 1465 276 1519 mihi,
305 1466 375 1508 cui
403 1483 536 1526 parva
563 1484 661 1528 pars
689 1469 787 1511 vitae
823 1478 1034 1529 superest,
1062 1484 1115 1511 ne
1143 1467 1185 1510 id
1213 1466 1387 1527 quidem
1427 1475 1514 1509 tam

150 1544 281 1587 breve
301 1547 489 1605 spatium
512 1557 655 1606 potest
677 1546 903 1607 opitulari,
927 1548 1033 1606 quin
1058 1557 1100 1590 et
1123 1546 1229 1589 mihi
1259 1546 1514 1599 adverseris,

149 1632 193 1666 et
219 1624 532 1684 rempublicam
562 1625 777 1686 prossiges.
806 1627 1006 1686 Denique
1036 1642 1130 1685 quae
1166 1641 1298 1685 pausa
1325 1623 1434 1667 erit?
1463 1627 1517 1668 Et

151 1703 326 1762 quando
356 1704 520 1748 desinet
544 1705 705 1748 familia
734 1716 881 1749 nostra
908 1704 1131 1750 insanire?
1151 1708 1206 1749 Et
1231 1703 1405 1765 quando
1428 1721 1518 1747 mo-

152 1783 232 1826 dus
256 1784 295 1826 ei
322 1785 384 1826 rei
409 1784 556 1827 haberi
586 1784 776 1845 poterit?
802 1788 855 1829 Et
882 1785 1057 1845 quando
1080 1785 1342 1840 desinemus,
1371 1794 1414 1827 et
1442 1784 1518 1827 ha·-

152 1862 321 1918 bentes,
359 1872 400 1906 et
436 1864 696 1923 praebentes,
733 1863 938 1908 molestiis
975 1863 1214 1907 desistere?
1251 1866 1305 1907 Et
1343 1862 1518 1923 quando

154 1941 438 2001 perpudescet
460 1943 676 1985 miscenda
702 1953 830 2002 atque
856 1943 1150 2004 perturbanda
1169 1941 1414 2002 republica?
1435 1942 1519 1986 Sed

153 2021 187 2063 si
213 2021 391 2064 omnino
416 2021 459 2063 id
488 2021 578 2065 fieri
605 2039 691 2065 non
721 2032 884 2083 potest,
914 2023 986 2066 ubi
1014 2039 1092 2083 ego
1127 2032 1299 2066 mortua
1325 2038 1417 2076 ero,
1447 2037 1519 2081 pe-

155 2100 235 2143 tito
274 2100 570 2156 tribunatum3
609 2112 708 2161 post
742 2119 810 2145 me
843 2102 972 2145 facito
1006 2102 1123 2162 quod
1159 2096 1347 2154 lubebit,
1385 2117 1518 2160 quum

154 2195 233 2239 ego
261 2196 349 2223 non
385 2181 581 2223 sentiam.
607 2182 695 2225 Ubi
722 2191 895 2224 mortua
922 2198 1016 2238 ero,
1052 2181 1299 2241 parentabis
1326 2180 1450 2235 mihi⁷
1478 2188 1519 2222 et

157 2259 375 2301 invocabis
401 2259 530 2302 deum
558 2269 794 2318 parentem.
827 2262 878 2303 In
904 2276 953 2302 eo
980 2270 1174 2319 tempore
1198 2276 1284 2302 non
1318 2258 1520 2318 pudet‘te

155 2354 303 2381 eorum
330 2337 459 2380 deum
481 2354 628 2398 preces
653 2349 868 2398 expetere,
891 2356 1019 2398 quos,
1042 2340 1164 2382 vivos
1192 2348 1320 2398 atque
1342 2353 1521 2398 praesen-

156 2427 238 2472 tes,
267 2416 438 2461 relictos
460 2426 590 2476 atque
615 2417 806 2462 desertos
830 2418 1063 2461 habueris?
1082 2419 1148 2462 Ne
1169 2417 1239 2460 ille
1268 2418 1380 2460 sinat
1404 2420 1425 2460 J
1431 2417 1524 2477 upi-

156 2507 235 2552 ter,
269 2507 310 2540 te
342 2514 392 2540 ea
422 2513 713 2557 perseverare,
743 2514 821 2540 nce
855 2498 932 2541 tibi
968 2508 1132 2541 tantam
1168 2497 1426 2540 dementiam
1456 2513 1516 2539 ve-

159 2577 250 2619 nire
271 2576 312 2618 in
334 2574 549 2620 animum!
575 2579 649 2632 Et,
674 2580 706 2620 si
732 2594 996 2636 perseveras,
1018 2594 1183 2632 vercor,
1210 2595 1261 2619 uc
1286 2578 1328 2620 in
1352 2592 1520 2620 omnem
