1859 3310
366 178 412 212 62
674 177 903 213 CORNELII
932 177 1138 212 NEPOTIS
1167 173 1420 209 CHABRIAS.

429 261 504 304 IV.
542 260 752 304 Chabrias
784 270 926 302 autem
957 259 1085 319 periit
1113 256 1225 299 bello
1261 254 1426 311 sociali,
1457 255 1531 298 tali
1568 258 1699 302 modo
1727 272 1740 301 ε

367 340 679 400 oppugnabant
705 339 981 382 Athenienses
1003 338 1182 392 Chium3
1204 346 1295 380 erat
1315 337 1359 379 in
1379 334 1511 380 classe
1532 336 1742 380 Chabrias

365 421 582 481 privatus,
605 418 678 462 sed
698 432 847 460 omnes
869 417 943 475 qui
969 417 1012 458 in
1039 417 1293 476 magistratu
1315 426 1458 473 erant,
1484 417 1742 460 auctoritate

365 500 579 553 anteibat3
619 512 805 557 eumque
840 497 976 557 magis
1010 495 1190 553 milites,
1228 513 1358 557 quam
1397 498 1470 556 qui
1505 506 1741 557 praeerant,

366 578 674 638 adspiciebant.
702 577 813 633 Quae
839 593 905 620 res
933 577 969 619 ei
997 577 1231 619 maturavit
1257 587 1440 621 mortem
1471 594 1480 621 ε
1507 594 1607 620 nani
1636 577 1742 620 dum

365 658 530 717 primus
566 655 709 698 studet
744 665 921 716 portum
958 656 1139 712 intrare,
1176 667 1217 700 et
1253 657 1587 717 gubernatorem
1617 657 1743 717 jubet

365 752 415 778 eo
442 735 624 795 dirigere
657 751 828 791 navem,
859 736 949 795 ipse
979 736 1058 778 sibi
1089 737 1294 796 perniciei
1326 735 1421 779 fuit.
1449 738 1599 793 Quum
1626 738 1740 781 enim

365 831 415 858 eo
443 824 727 874 penetrasset,
762 825 911 858 eeterae
942 831 1028 857 non
1058 825 1160 858 sunt
1190 824 1358 858 secutae.
1389 816 1491 872 Quo
1518 815 1630 859 facto
1658 817 1742 859 cir-

365 893 588 937 cumfusus
609 893 802 936 hostium
826 910 1063 950 concursu,
1090 911 1225 953 quum
1251 893 1480 937 fortissime
1504 905 1740 955 pugnaret,

367 974 506 1028 navis,
529 983 670 1016 rostro
688 989 910 1034 percussa,
938 974 1067 1034 coepit
1085 973 1223 1016 sidere
1243 990 1251 1016 :
1271 973 1372 1016 hinc
1392 973 1588 1034 refugere
1605 991 1742 1034 quum

367 1063 529 1115 posset,
567 1054 600 1096 si
637 1070 680 1096 se
719 1055 762 1097 in
798 1070 915 1096 mare
951 1053 1196 1113 dejecisset,
1237 1053 1354 1113 quod
1389 1054 1563 1097 suberat
1597 1052 1742 1098 classis

366 1134 720 1188 Atheniensium,
759 1149 855 1192 quae
893 1134 1108 1193 exciperet
1143 1134 1352 1187 natantis;
1389 1133 1529 1193 perire
1565 1131 1741 1190 maluit,

367 1229 497 1272 quam
531 1213 660 1256 armis
697 1212 872 1272 abjectis
910 1229 1063 1256 navem
1102 1211 1368 1272 relinquere,
1405 1214 1448 1255 in
1482 1228 1567 1271 qua
1601 1211 1742 1256 fuerat

366 1302 529 1335 vectus.
560 1291 609 1334 Id
636 1293 764 1335 ceteri
793 1291 933 1335 facere
960 1291 1219 1349 noluerunt,
1246 1293 1320 1352 qui
1348 1292 1493 1335 nando
1524 1293 1567 1335 in
1597 1301 1740 1336 tutum

368 1381 679 1433 pervenerunt3
715 1380 759 1415 at
791 1369 875 1427 ille,
892 1381 1095 1432 praestare
1126 1372 1353 1415 honestam
1383 1381 1567 1414 mortem
1600 1372 1744 1417 existi-

367 1468 489 1496 mans
520 1452 639 1511 turpi
669 1452 786 1507 vitae,
815 1451 1012 1494 cominus
1035 1468 1235 1512 pugnans
1265 1449 1360 1494 telis
1389 1449 1579 1495 hostium
1610 1451 1743 1495 inter-

370 1532 505 1575 fectus
528 1540 603 1574 est.
