1859 3310
671 252 969 286 TIMOTHEUS.
1450 254 1470 286 (i
1479 254 1496 288 3

148 339 290 396 derat,
328 341 550 400 pervenit3
584 339 822 400 eodemque
855 352 903 385 ut
937 349 1240 401 sequerentur,
1275 339 1329 382 ad
1362 342 1508 385 Timo-

146 417 291 462 theum
312 429 353 462 et
376 420 637 478 Iphicratem
657 421 858 463 nuntium
878 421 1005 464 misit.
1026 420 1156 473 Hinc,
1180 418 1291 462 male
1308 435 1354 461 re
1373 429 1510 479 gesta,

143 497 439 559 compluribus
466 498 631 540 amissis
659 499 859 551 navibus,
885 500 1058 552 eodem,
1086 498 1201 542 unde
1227 507 1317 541 erat
1346 497 1512 557 profec-

145 586 232 630 tus,
266 594 309 619 se
342 578 522 636 recepit,
554 576 804 637 litterasque
839 579 1030 623 Athenas
1067 577 1238 638 publice
1267 577 1405 631 misit,
1432 577 1509 620 sibi

141 654 333 715 proclive
359 655 488 699 fuisse
517 657 693 699 Samum
719 673 891 717 capere,
917 659 997 701 nisi
1025 674 1047 699 a
1073 657 1301 700 Timotheo
1328 666 1368 699 et
1395 656 1512 716 Iphi-

141 745 257 779 crate
279 735 474 780 desertus
498 746 619 780 esset.
646 737 715 780 Ob
740 754 830 780 eam
857 755 947 781 rem
974 738 1016 780 in
1040 738 1203 780 crimen
1227 737 1512 791 vocabantur;

142 814 327 875 populus
362 832 486 871 acer,
523 817 746 876 suspicax,
775 816 972 871 mobilis,
1012 816 1307 870 adversarius,
1343 815 1513 858 invidus

140 896 270 938 ctiam
294 897 516 956 potentiae,
541 896 719 939 domum
741 906 937 940 revocat:
960 905 1220 939 accusantur
1240 895 1511 955 proditionis.

141 977 233 1018 Hoc
253 975 419 1036 judicio
443 975 676 1019 damnatur
697 976 972 1031 Timotheus,
1000 975 1136 1034 lisque
1162 975 1252 1033 ejus
1278 975 1514 1018 oestimatur

140 1064 316 1098 centum
335 1054 520 1099 talentis.
538 1055 638 1111 Ille,
653 1055 753 1099 odio
773 1057 951 1116 ingratae
971 1056 1157 1099 civitatis
1176 1064 1373 1109 coactus,
1390 1054 1515 1099 Chal-

139 1133 278 1177 cidem
299 1151 342 1178 se
360 1134 558 1178 contulit.

201 1215 276 1258 IV.
312 1215 452 1274 Hujus
480 1223 577 1274 post
612 1225 825 1269 mortem,
863 1231 999 1274 quum
1027 1213 1237 1275 populum
1260 1212 1413 1274 judicii
1448 1216 1513 1257 sui

141 1293 392 1353 poeniteret,
425 1292 572 1337 multae
608 1310 762 1337 novem
792 1302 932 1354 partes
960 1293 1165 1349 detraxit,
1199 1303 1239 1336 et
1269 1293 1416 1336 decem
1451 1303 1510 1337 ta-

140 1371 255 1416 lenta
280 1374 526 1428 Cononem,
556 1372 694 1417 filium
724 1374 835 1434 ejus,
864 1373 918 1416 ad
947 1373 1061 1416 muri
1089 1372 1322 1432 quamdam
1346 1381 1512 1432 partem

139 1451 416 1495 reficiendam
434 1454 562 1512 jussit
585 1452 701 1496 dare.
725 1455 777 1496 In
807 1470 893 1512 qno
922 1453 1106 1495 fortunae
1130 1452 1314 1495 varietas
1341 1461 1403 1495 est
1425 1453 1516 1495 ani-

140 1530 378 1575 madversa.
417 1532 531 1575 Nam
568 1548 676 1592 quos
711 1548 816 1575 avus
857 1536 1011 1576 Conon
1050 1548 1198 1574 muros
1236 1547 1288 1574 ex
1323 1531 1512 1574 hostium

141 1610 284 1671 praeda
314 1612 461 1671 patriae
500 1613 771 1669 restituerat,
810 1612 984 1655 cosdem
1019 1628 1177 1671 nepos,
1213 1627 1312 1654 cum
1347 1628 1513 1654 summa

139 1691 379 1751 ignominia
413 1690 604 1746 familiae,
636 1708 686 1734 ex
721 1708 797 1734 sua
830 1707 876 1734 re
910 1689 1111 1734 familiari
1139 1690 1314 1734 reficere
1344 1700 1514 1734 coactus

138 1780 214 1814 est.
246 1771 464 1814 Timothei
492 1780 636 1814 autem
664 1770 898 1814 moderatae
928 1770 1220 1830 sapientisque
1253 1770 1351 1812 vitae
1380 1786 1511 1830 quum

140 1848 346 1910 pleraque
368 1850 583 1909 possimus
611 1850 805 1910 proferre
830 1851 1095 1906 testimonia,
1119 1866 1207 1892 uno
1230 1849 1390 1892 erimus
1413 1865 1516 1892 con-

140 1930 277 1985 tenti,
304 1929 421 1990 quod
446 1946 498 1973 ex
523 1946 573 1973 eo
598 1928 723 1973 facile
748 1930 905 1989 conjici
929 1930 1108 1990 poterit,
1130 1945 1258 1988 quam
1284 1945 1410 1972 carus
1430 1930 1515 1973 suis

141 2010 284 2054 fuerit.
326 2012 476 2067 Quum
511 2010 693 2054 Athenis
732 2008 1083 2053 adolescentulus
1121 2025 1291 2052 causam
1331 2008 1516 2063 diceret,

140 2107 228 2134 non
257 2089 397 2133 solum
425 2090 551 2133 amici
581 2090 825 2149 privatique
852 2090 1044 2149 hospites
1073 2087 1127 2131 ad
1155 2104 1254 2131 eum
1284 2087 1515 2130 defenden-

141 2170 244 2214 dum
272 2179 591 2223 convenerunt3
621 2169 695 2213 sed
723 2171 853 2213 etiam
884 2169 927 2211 in
956 2168 1015 2212 eis
1037 2170 1166 2211 Jason
1190 2176 1418 2227 tyrannus,
1443 2169 1516 2226 qui

142 2249 215 2292 illo
244 2258 439 2309 tempore
474 2249 554 2292 fuit
589 2249 782 2292 omnium
814 2248 1154 2309 potentissimus.
1184 2247 1266 2289 Hic
1301 2262 1437 2305 quum
1472 2247 1516 2288 in

142 2328 282 2388 patria
306 2328 396 2371 sine
419 2317 676 2370 satellitibus
701 2343 744 2371 se
772 2337 915 2370 tutum
940 2344 1027 2370 non
1052 2326 1357 2380 arbitraretur,
1381 2324 1517 2368 Athe-

143 2424 219 2450 nas
241 2408 333 2450 sine
361 2405 451 2449 ullo
478 2406 677 2466 praesidio
699 2407 836 2462 venit,
862 2406 1059 2466 tantique
1084 2405 1300 2464 hospitem
1323 2403 1446 2458 fecit,
1472 2412 1518 2446 ut

144 2486 289 2531 mallet
318 2503 361 2530 se
390 2487 543 2546 capitis
574 2485 815 2546 periculum
844 2485 989 2541 adire,
1020 2502 1151 2544 quam
1180 2484 1434 2539 Timotheo,
1465 2482 1517 2525 de

144 2567 255 2610 fama
276 2566 519 2621 dimicanti,
541 2566 699 2609 deesse.
721 2568 849 2610 Hunc
872 2565 1077 2608 adversus
1100 2574 1243 2608 tamen
1267 2563 1518 2607 Timotheus

146 2656 315 2707 postea,
338 2645 488 2706 populi
511 2646 656 2705 jussu,
680 2644 841 2688 bellum
867 2645 1019 2705 gessit3
1045 2644 1280 2704 patriaeque
1306 2642 1517 2686 sanctiora

1303 2720 1321 2732 μ

1298 2737 1322 2765 C)
