1859 3310
330 262 398 310 ¹93
675 264 883 299 JOANNIS
913 264 1062 300 HENR.
1095 264 1347 300 SCHLEGEL

323 346 442 383 lexico
463 347 581 393 quivis
604 346 709 381 facile
731 348 941 393 assequitur.
966 348 1172 395 Adjungam
1192 356 1226 383 et
1247 348 1321 393 ejus
1348 347 1491 394 generis
1517 347 1695 381 observa-

324 409 452 444 tiones.

377 470 503 517 Epam.
534 483 636 512 v111‚
671 482 709 513 2,
740 469 906 517 legitur:
930 471 981 506 Ut
1011 471 1050 506 in
1067 472 1234 519 periculo
1261 483 1327 506 suo
1355 470 1567 505 scriberent.
1596 469 1698 503 Hanc

324 544 453 566 vocem
473 537 685 577 corruptam
703 531 940 566 crediderunt
960 532 1120 567 editores
1140 534 1370 581 complureS,
1391 543 1503 578 quum
1523 542 1588 577 per
1608 542 1699 564 con-

325 600 464 628 textum
485 592 531 627 de
551 592 663 639 cippo
683 592 788 639 loqui
806 592 943 628 debere
966 594 1265 640 Epaminondam
1285 600 1466 641 putarent.
1488 591 1614 627 Edidit
1634 592 1698 625 Al-

325 655 393 691 dus
412 655 596 700 sepulcro,
618 660 658 688 ut
682 653 770 687 alias
791 654 913 689 minus
934 654 1058 690 felices
1083 655 1310 701 conjecturas
1330 663 1481 690 taceam.
1503 653 1575 689 Sed
1595 665 1702 687 cons-

324 722 445 750 tanter
463 721 590 750 tenent
609 715 807 749 lectionem
818 717 985 762 periculo
1005 716 1171 759 codices,
1192 717 1326 763 quibus
1347 723 1381 750 ot
1402 714 1701 750 annumerandus

325 784 379 812 est
405 776 636 811 Thottianus.
662 776 839 811 Defendit
869 790 948 812 eam
970 779 1084 812 multa
1109 778 1317 813 eruditione
1343 778 1491 821 Bosius,
1515 777 1579 812 sed
1602 784 1702 811 tanta

325 837 557 886 prolixitate,
584 845 625 872 ut
649 839 842 873 annotatio
868 839 1135 874 dissertationis
1162 839 1321 886 speciem
1344 839 1489 874 reserat.
1513 838 1703 873 Concinne

325 899 466 946 magis,
489 912 568 946 quae
595 900 642 934 ad
669 912 749 934 rem
779 900 1059 948 intelligendam
1091 901 1246 944 faciunt,
1272 900 1422 946 collegit
1452 901 1636 934 Gesnerus
1666 899 1703 932 in

326 961 516 997 Thesauro
536 962 668 1009 linguae
687 975 859 997 romanae.
878 963 923 997 In
942 962 1162 1009 explicanda
1173 961 1444 1009 significatione
1464 961 1511 996 ab
1524 973 1591 995 usu
1604 972 1705 995 com—

326 1025 429 1059 muni
455 1024 573 1059 aliena
593 1024 688 1059 nihil
716 1032 769 1060 est
789 1025 911 1059 utilius
925 1052 934 1069 ,
959 1038 1068 1072 quam
1089 1031 1296 1059 monstrare
1318 1035 1557 1071 progressum
1579 1029 1704 1057 trans-

327 1086 488 1121 lationis.
516 1087 718 1121 Notissima
747 1094 799 1122 est
823 1087 886 1122 illa
903 1087 1069 1134 periculi
1092 1084 1313 1133 significatio
1342 1093 1545 1127 testamen,
1576 1083 1705 1119 danice

330 1150 481 1197 Forsog.
503 1150 589 1183 Vox
608 1148 694 1183 inde
717 1148 764 1183 ad
787 1149 1006 1196 scripturam
1028 1149 1143 1183 relata
1173 1146 1355 1195 significat
1378 1154 1550 1194 concept,
1575 1145 1705 1180 danice

327 1210 483 1253 udkast;
508 1210 545 1244 in
567 1210 677 1245 rebus
703 1210 862 1257 denique
885 1210 1123 1257 judicialibus
1149 1210 1370 1244 sententiam
1401 1207 1524 1242 verbis
1550 1219 1708 1253 concep-

328 1278 425 1315 tam,
445 1284 523 1318 quae
550 1272 701 1318 praelegi
727 1272 903 1307 damnato
926 1272 1043 1315 solet,
1066 1278 1268 1318 posteaque
1296 1269 1431 1304 tabulis
1459 1268 1618 1316 publicis
1645 1268 1705 1302 in—

328 1333 427 1368 ferri.
449 1333 600 1380 Optime
625 1333 827 1368 illustratur
854 1334 1031 1368 translata
1059 1334 1136 1367 haec
1164 1330 1385 1379 significatio
1412 1332 1496 1365 loco
1519 1330 1707 1365 Ciceronis

328 1394 369 1428 in
392 1395 548 1429 Verrem
561 1421 571 1438 ‚
603 1407 676 1439 111,
697 1407 763 1442 79:
777 1395 916 1430 Eorum
929 1394 1123 1429 hominum
1144 1392 1374 1441 (scribarum)
1389 1391 1478 1427 fidei
1490 1392 1625 1427 tabulae
1638 1404 1707 1438 pu-

329 1454 452 1499 blicae,
471 1456 718 1503 periculaque
743 1456 1021 1503 magistratuum
1049 1455 1339 1490 committuntur.

383 1517 513 1552 Caton.
535 1529 570 1552 11
583 1544 593 1561 ,
618 1517 661 1552 3:
683 1534 697 1549 «
714 1521 744 1552 A
768 1518 891 1553 multis
910 1526 1082 1560 tentatus,
1108 1530 1187 1552 non
1206 1516 1320 1552 modo
1344 1516 1485 1551 nullum
1505 1514 1707 1550 detrimen·

330 1585 409 1613 tum
431 1578 714 1614 existimationis
737 1579 822 1614 fecit
835 1607 845 1624 ,
863 1579 945 1623 sed,
972 1579 1097 1626 quoad
1110 1579 1221 1623 vixit,
1234 1578 1412 1613 virtutum
1426 1577 1533 1612 laude
1551 1576 1675 1611 crevit.
1694 1592 1708 1606 n

335 1641 504 1674 Tencams
526 1640 586 1675 hic
611 1640 711 1675 idem
739 1640 966 1688 significare,
992 1654 1033 1676 ac
1070 1642 1107 1675 in
1123 1640 1305 1685 judicium
1338 1647 1514 1682 vocatus,
1538 1650 1596 1674 res
1630 1638 1708 1685 ipsa

331 1701 451 1736 docet.
466 1701 541 1737 Sed
552 1702 672 1737 rarior
686 1709 740 1737 est
759 1715 843 1737 usus
857 1730 866 1747 ,
886 1710 921 1738 et
941 1716 1023 1738 eum
1043 1715 1110 1737 nec
1124 1715 1145 1737 a
1163 1704 1329 1738 Gesnero
1344 1701 1568 1748 explicatum
1586 1699 1708 1734 video.

383 1763 490 1798 Attic.
517 1775 647 1808 an,
677 1776 697 1799 2
724 1777 733 1798 ε
759 1765 818 1800 Sic
843 1764 1064 1799 familiarum
1089 1764 1272 1811 originem
1296 1764 1487 1798 subtexuit.
1507 1762 1710 1798 Subtexere

331 1831 437 1860 notat
456 1826 654 1868 anweben,
675 1827 735 1860 vel
749 1826 853 1873 quod
875 1826 985 1861 etiam
1005 1839 1025 1860 a
1043 1826 1238 1861 Germanis
1263 1826 1309 1860 ad
1334 1825 1527 1859 materiam
1548 1824 1587 1858 in
1607 1823 1711 1858 libris

332 1892 523 1922 tractatam
538 1887 774 1932 transfertur,
793 1888 897 1922 drein
915 1887 1117 1922 verweben.
1138 1887 1197 1922 Sic
1217 1886 1366 1922 Livius:
1386 1885 1559 1922 Subtexit
1575 1885 1711 1920 deinde

333 1946 464 1982 fabulae
483 1948 585 1991 huic,
604 1955 670 1983 etc.
691 1949 819 1984 Innuit
837 1949 1048 1993 Cornelius,
1067 1949 1229 1983 Atticum
1248 1949 1364 1992 libro,
1384 1960 1457 1995 quo
1479 1947 1711 1995 magistratus

334 2009 513 2053 ornabat,
534 2022 591 2044 res
615 2010 872 2057 genealogicas
893 2010 982 2046 scite
1008 2010 1254 2045 admiscuisse.
1282 2011 1366 2045 Non
1391 2010 1511 2044 solum
1539 2009 1635 2043 hanc
1657 2008 1710 2042 si-

333 2068 611 2116 gnificationem
629 2084 708 2106 non
725 2072 925 2107 enodatam
943 2072 1054 2107 video
1074 2085 1094 2106 a
1113 2072 1468 2107 commentatoribus
1481 2099 1491 2116 ,
1516 2071 1582 2106 sed
1602 2071 1711 2105 etiam

333 2130 373 2165 in
395 2131 524 2167 Indice
546 2132 737 2167 latinitatis
760 2133 920 2169 Bosiano
946 2134 1038 2168 falso
1063 2133 1296 2180 explicatam.

387 2192 494 2228 Attic.
525 2205 584 2237 lx,
615 2206 651 2238 1,
682 2194 746 2228 cfr.
779 2207 867 2239 xv1,
901 2195 939 2238 3,
969 2195 1080 2229 utitur
1108 2202 1235 2229 auctor
1265 2207 1356 2229 voce
1384 2195 1635 2238 divinatione,
1668 2207 1712 2230 eo

333 2266 460 2298 sensu,
480 2266 553 2301 quo
571 2255 682 2302 longe
701 2256 804 2291 abest
823 2269 841 2290 a
862 2256 1094 2291 divinatione
1113 2256 1174 2290 illa
1196 2256 1465 2304 superstitiosa,
1485 2269 1595 2304 quam
1614 2269 1713 2291 ama-

333 2314 425 2350 bant
455 2322 620 2360 veteres,
649 2323 684 2352 et
717 2330 828 2364 quam
858 2318 990 2365 religio
1021 2318 1218 2352 christiana
1250 2318 1311 2352 vix
1343 2318 1492 2353 tandem
1528 2319 1712 2353 eradicare

333 2377 467 2424 potuit.
495 2378 626 2413 Mutuo
651 2391 689 2414 se
711 2379 896 2426 explicant
925 2379 963 2414 hi
994 2380 1069 2415 duo
1095 2380 1184 2424 loci,
1211 2387 1246 2415 et
1265 2388 1474 2415 monstrant
1505 2388 1712 2423 auctorem,

335 2449 445 2484 supra
477 2440 639 2474 seculum
675 2453 778 2475 suum
812 2441 1034 2487 sapientem,
1070 2454 1201 2489 parum
1234 2442 1407 2477 tribuisse
1435 2441 1712 2489 superstitioni,

334 2499 491 2534 multum
513 2512 604 2535 vero
626 2501 832 2548 prudentiae
866 2509 901 2537 et
932 2503 1164 2547 constantiae,
1184 2510 1219 2538 et
1244 2503 1444 2538 credidisse
1458 2530 1467 2547 ‚
1494 2503 1532 2537 in
1554 2503 1610 2537 his
1636 2502 1712 2536 vir—

336 2560 474 2595 tutibus
491 2562 696 2607 conjunctis
718 2576 841 2598 veram
865 2565 971 2600 sitam
992 2577 1068 2600 esse
1089 2565 1283 2600 divinandi
1303 2572 1416 2599 artem
1431 2592 1439 2603 ,
1461 2564 1497 2598 id
1517 2571 1588 2608 est,
1608 2576 1712 2611 pros-

337 2621 500 2666 piciendi
519 2622 589 2658 sihi
614 2623 652 2658 in
679 2625 787 2659 rebus
814 2626 987 2660 adversis.
