1859 3310
249 196 321 240 248
605 193 670 229 AD
697 191 995 228 CORNELIUM
1024 191 1261 227 NEPOTEM

249 282 402 323 utraque
431 274 563 317 lectio,
582 285 696 320 quum
721 272 853 319 cuique
877 271 1036 316 divitiis,
1059 270 1303 306 neminivero
1322 269 1530 317 eloquentia
1557 282 1619 305 ce-

249 337 352 372 leber
379 335 613 382 Hipponicus
638 333 839 377 habeatur3
860 333 999 380 quippe
1026 331 1089 380 qui
1123 330 1207 366 filiae
1235 331 1363 366 decem
1391 331 1621 367 talentorum

249 397 375 433 dotem
401 396 552 444 largitus
579 395 635 430 sit.

301 460 384 496 Cu».
399 459 462 492 IV.
481 457 562 491 Non
574 467 714 502 parere
731 454 859 490 noluit.
883 455 1081 502 Perperam
1100 454 1163 489 alii
1180 471 1195 486 a
1212 467 1289 489 non
1307 466 1439 502 parere
1453 453 1582 489 voluit.
1608 470 1621 484 »

251 522 310 558 Sic
345 520 442 556 enim
473 517 607 564 legitur
638 516 734 563 apud
766 516 944 564 Polyaen.,
973 515 1040 551 lib.
1077 528 1091 550 1
1125 516 1353 560 ιᾹλχιςιάδῃς
1382 522 1446 554 ἀπὸ
1483 520 1626 558 Σικελίας

252 587 397 632 ἀναχθεὶς
421 585 472 618 ἐπὶ
493 585 549 620 τὴν
578 584 677 628 κρίσιν
701 588 762 616 τῶν
790 582 864 627 περὶ
888 587 950 615 τῶν
978 583 1077 627 ἑρμῶν
1104 581 1160 615 καὶ
1186 587 1247 615 τῶν
1275 583 1467 627 μυστηρίων.

311 642 465 678 Thurios
487 641 524 674 in
543 640 707 675 Italiam.
734 638 942 682 Thurium‚
967 637 1042 673 alio
1066 637 1219 673 nornine
1250 638 1419 686 Sybaris,
1444 637 1625 685 oppidum

254 704 368 740 Italiae
392 703 427 737 in
455 700 626 737 Calabria
644 699 839 744 Citeriori;
861 699 909 735 de
929 711 1004 746 quo
1025 699 1121 734 nihil
1144 706 1257 734 restat
1279 700 1410 743 hodie,
1432 699 1505 734 nisi
1525 711 1626 746 quae-

254 766 340 801 dam
362 763 518 810 vestigia
543 762 583 797 in
607 763 692 796 loco
717 761 776 796 cui
801 773 940 796 nornen
962 767 1016 796 est
1038 762 1149 795 Tor-re
1172 761 1237 795 del
1262 759 1375 807 Capo.

308 826 471 861 Elidem.
497 823 591 867 Elis,
616 823 707 858 urbs
733 829 769 858 et
793 822 899 870 regio
924 821 1194 869 Peloponnesi,
1212 821 1327 857 hodie
1357 820 1561 863 Gastouni‚
1587 833 1631 855 en

257 890 398 924 Mor-de.

316 948 473 984 Thebas.
502 947 658 991 Thebae,
686 952 794 993 caput
819 944 989 989 Boeotiae3
1016 944 1130 980 hodie
1163 944 1305 987 Thiva,
1332 957 1377 979 en
1401 944 1563 979 Livadie.

313 1010 517 1045 Deceliam.
541 1008 741 1044 Castellum
772 1006 927 1051 Atticae,
962 1006 1065 1054 quod
1095 1006 1142 1041 ab
1170 1006 1324 1042 Athenis
1358 1005 1492 1053 viginti
1519 1004 1635 1040 stadia

260 1071 433 1106 distabat.
471 1071 529 1105 De
568 1069 718 1104 Decelia
755 1068 806 1103 sic
840 1068 953 1103 habet
988 1074 1181 1103 enarrator
1216 1067 1478 1115 Aristophan.,
1513 1067 1634 1109 Ram,

262 1139 330 1168 act.
361 1145 396 1176 V,
421 1144 469 1168 SC.
492 1136 513 1174 4
546 1144 554 1165 2
578 1139 598 1173 ἦ
623 1133 662 1169 δὲ
693 1136 844 1168 Δεκέλεια.
868 1136 958 1179 χώρα
986 1136 1014 1167 ἐν
1036 1129 1178 1179 Ᾰττικῇ,
1203 1131 1239 1173 ἧς
1266 1135 1478 1178 τειχισθείσης
1496 1135 1596 1179 μέγας
1623 1134 1637 1166 ὁ

263 1196 405 1237 κίνδυνος
423 1193 587 1236 Ali-maim}
609 1198 653 1242 μὴ
675 1194 862 1241 δυναμένοις
883 1196 1023 1235 ἐξελθεῖν.

317 1256 402 1290 Cu.
416 1255 462 1288 V.
482 1254 600 1301 Apud
623 1253 786 1287 Samum.
813 1254 962 1295 Samos,
985 1251 1063 1287 sive
1085 1253 1237 1296 Samus,
1264 1252 1383 1287 insula
1403 1258 1438 1287 et
1459 1250 1638 1298 oppidum

265 1315 399 1359 Ioniae,
424 1314 575 1361 Epheso
601 1313 685 1348 urbi
711 1320 747 1347 et
770 1313 923 1360 Mycalae
944 1313 1209 1360 promontorio
1229 1313 1394 1359 objecta;
1414 1313 1529 1347 hodie
1544 1312 1640 1347 Sou-

265 1389 348 1411 sam
373 1375 523 1410 Adassi.

318 1437 402 1472 Cn».
429 1437 510 1471 VII.
541 1436 656 1482 Apud
683 1435 833 1482 Cymen.
865 1434 997 1482 Cyme,
1027 1447 1108 1482 quae
1133 1435 1285 1482 quidem
1311 1441 1347 1469 et
1370 1434 1485 1470 Cuma
1513 1434 1641 1469 nomi-

268 1505 353 1532 nata
378 1504 454 1541 est,
481 1497 665 1544 oppidum
691 1504 769 1532 erat
792 1496 973 1540 AEolidis,
998 1508 1118 1544 prope
1141 1497 1304 1532 Lesbum
1329 1496 1508 1542 insulam3
1526 1495 1643 1531 hodie

271 1558 597 1593 Focclzia-Nuova.

322 1620 376 1654 Et
387 1631 427 1653 se
440 1620 602 1665 Pactyen
621 1620 785 1655 contulit.
806 1621 1012 1668 Longolius
1038 1633 1046 1655 ε
1067 1636 1082 1652 α
1099 1627 1135 1656 et
1154 1633 1191 1656 se
1205 1621 1422 1657 Perinthum
1437 1619 1613 1664 contulit3
1630 1634 1645 1650 υ

271 1680 330 1716 eui
349 1681 606 1716 emendationi
630 1681 835 1717 Lambinus
857 1682 1068 1729 acquiescit.
1094 1686 1141 1717 At
1168 1695 1245 1718 non
1273 1683 1507 1718 Abrahamus
1534 1682 1646 1718 Orte-

271 1742 356 1786 lius,
383 1741 466 1789 qui,
487 1755 531 1777 ex
559 1742 752 1777 Ptolomaei
781 1743 952 1778 Thracioe
969 1743 1234 1791 descriptione,
1266 1750 1302 1779 et
1328 1743 1514 1779 Plutarchi
1540 1743 1646 1778 Alci-

271 1802 401 1846 biade,
422 1803 513 1850 legit
538 1816 546 1837 :
569 1804 647 1838 «Et
672 1816 709 1838 se
733 1805 906 1852 Pactyam
927 1804 1105 1849 eontulit,
1128 1805 1255 1852 ibique
1281 1805 1349 1840 tria
1374 1805 1519 1840 castella
1540 1816 1648 1839 com-

273 1864 451 1909 munivit,
485 1865 654 1909 Bornos,
688 1865 888 1901 Bisanthen
925 1872 961 1901 et
993 1866 1281 1901 Macrontichos.
1309 1883 1323 1897 υ
1352 1866 1545 1909 Ceterum,
1573 1866 1649 1900 haec

274 1926 400 1960 omnia
431 1926 579 1961 castella
610 1926 649 1961 in
674 1927 831 1963 Thracia
863 1934 986 1971 erant,
1013 1940 1090 1962 non
1115 1928 1247 1975 procul
1268 1940 1294 1964 av
1310 1928 1512 1971 Perintho,
1536 1926 1650 1962 hodie

275 1986 599 2036 Saint-Georges,
623 2000 686 2023 seu
712 1990 881 2024 Pantiro.

742 2123 790 2150 IN
825 2123 1179 2152 THRASYBULUM.

331 2235 415 2270 Cn.
442 2235 472 2271 Ῑ.
500 2236 622 2271 Multa
639 2235 700 2270 hic
720 2237 800 2271 sine
828 2237 1021 2272 Alcibiade
1043 2238 1165 2285 gessit.
1185 2238 1273 2273 Non
1295 2251 1382 2274 sane
1405 2237 1558 2274 difficile
1577 2238 1655 2274 sue-

278 2295 328 2330 rit
352 2295 563 2342 intelligere
586 2297 779 2343 quomodo
799 2298 1051 2346 Thrasybulus
1067 2325 1076 2342 ‚
1095 2300 1372 2346 Peloponnesio
1398 2301 1519 2345 bello,
1541 2301 1653 2335 multa

279 2356 358 2391 sine
378 2357 570 2392 Alcibiade
590 2358 766 2404 gesserit3
785 2359 923 2406 quippe
947 2360 1011 2407 qui
1033 2367 1120 2396 tunc
1145 2361 1323 2409 temporis
1343 2362 1447 2397 exsul
1469 2370 1573 2398 esset.

336 2417 419 2452 Cw.
440 2418 489 2453 ΙΙ.
523 2419 644 2464 Quum
669 2419 816 2465 Phylen
836 2421 1070 2469 confugisset.
1097 2422 1230 2470 Phyle,
1251 2424 1439 2458 castellum
1465 2424 1656 2471 Tanagriae

285 2478 502 2523 finitimum,
528 2487 675 2515 centum
694 2481 842 2525 stadiis,
868 2489 959 2517 teste
981 2483 1172 2527 Diodoro,
1199 2485 1340 2520 distans
1359 2486 1526 2520 Athenis.

334 2540 641 2589 ,Munichiamque
665 2544 823 2577 munivit.
851 2544 1061 2588 Munichia,
1086 2546 1313 2580 Athenarum
1333 2553 1475 2593 portus,

343 2604 428 2636 civ.
462 2602 526 2637 lv.
555 2604 674 2649 Quum
703 2605 739 2638 ei
767 2606 853 2652 Mic)
866 2607 987 2641 lemei.
1014 2607 1217 2655 Mitylene,
1247 2615 1356 2655 caput
1389 2607 1500 2643 Lesbi
1527 2608 1652 2643 insulae
