1859 3310
352 250 366 273 1
375 237 421 273 28
793 239 1026 275 CORNELII
1056 238 1260 273 NEPOTIS

349 321 498 382 telligi3
532 331 759 383 postquam
788 332 931 365 autem
965 338 1093 365 naves
1127 321 1359 382 completas
1394 334 1710 383 conspexerunt

349 402 634 462 serpentibus,
660 417 769 444 nova
792 418 837 443 re
860 402 1101 461 perterriti,
1125 418 1283 461 quum,
1309 401 1411 460 quid
1440 402 1712 462 potissimum

348 480 555 536 vitarent,
580 497 667 523 non
690 479 908 535 viderent,
926 496 1093 540 puppes
1116 490 1387 537 averterunt,
1408 497 1537 540 seque
1557 479 1611 523 ad
1636 496 1713 524 sua

349 567 486 601 castra
520 559 691 601 nautica
728 556 982 601 retulerunt.
1021 559 1090 601 Sic
1125 558 1339 602 Hannibal
1379 558 1557 603 consilio
1594 575 1713 603 arma

349 638 711 696 Pergamenorum
739 637 956 696 superavit
981 653 990 679 :
1018 653 1156 696 neque
1187 647 1278 680 tum
1311 637 1470 694 solum,
1500 638 1573 681 sed
1602 654 1713 698 saepe

349 713 450 757 alias
485 714 752 775 pedestribus
787 715 920 776 copiis
959 716 1051 775 pari
1092 715 1322 776 prudentia
1358 715 1524 776 pepulit
1561 716 1713 761 adver-

349 793 495 836 sarios.

411 873 510 914 XII.
545 873 654 929 Quae
681 873 784 917 dum
811 875 854 916 in
878 875 978 918 Asia
1002 883 1227 934 geruntur,
1253 873 1406 917 accidit
1430 890 1555 931 casu,
1583 884 1631 918 ut
1656 874 1714 918 le-

350 951 437 1010 gati
457 953 616 994 Prusiae
636 955 783 996 Romae
800 953 916 1013 apud
932 955 981 996 L.
1005 953 1237 1010 Quintium
1254 951 1542 996 Flamininum
1560 968 1713 996 consu-

347 1029 482 1073 larem
503 1041 742 1088 coenarent,
762 1042 891 1091 atque
911 1032 988 1089 ibi,
1014 1032 1066 1075 de
1086 1030 1327 1075 Hannibale
1345 1032 1562 1074 mentione
1581 1030 1713 1085 facta,

349 1125 401 1153 ex
425 1110 490 1153 his
518 1126 629 1153 unus
655 1110 836 1166 diceret,
863 1128 962 1154 eum
988 1112 1030 1154 in
1060 1111 1220 1155 Prusiae
1248 1127 1382 1171 regno
1407 1127 1509 1154 esse.
1537 1110 1589 1154 Id
1615 1127 1713 1171 pos-

347 1198 442 1232 tero
460 1189 526 1232 die
546 1188 811 1233 Flamininus
831 1191 995 1234 senatui
1017 1189 1181 1233 detulit.
1200 1192 1348 1233 Patres
1368 1190 1619 1250 conscripti,
1638 1190 1714 1248 qui

350 1266 590 1310 Hannibale
619 1268 714 1311 vivo
743 1285 966 1327 nunquam
996 1286 1040 1313 se
1066 1269 1155 1312 sine
1182 1268 1345 1312 insidiis
1374 1268 1544 1312 futuros
1571 1269 1714 1311 existi-

349 1345 549 1400 mabant,
577 1344 738 1406 legatos
763 1347 806 1389 in
831 1347 1074 1406 Bithyniam
1096 1347 1326 1403 miserunt,
1352 1347 1396 1389 in
1421 1347 1487 1390 his
1512 1345 1715 1390 Flamini-

350 1440 477 1479 num,
497 1425 571 1484 qui
590 1441 614 1468 a
635 1441 733 1485 rege
753 1435 966 1486 peterent,
988 1442 1042 1469 ne
1064 1426 1404 1469 inimicissimum
1422 1441 1549 1468 suum
1570 1441 1715 1469 secum

348 1503 548 1561 haberet,
576 1504 742 1565 sibique
770 1505 954 1548 dederet.
983 1506 1059 1548 His
1086 1506 1259 1548 Prusias
1285 1521 1441 1564 negare
1471 1520 1600 1548 ausus
1627 1520 1715 1547 non

349 1593 413 1627 est
440 1600 448 1626 :
478 1582 583 1627 illud
614 1585 847 1639 recusavit,
875 1601 929 1627 ne
956 1584 998 1627 id
1028 1601 1053 1627 a
1083 1601 1126 1628 se
1156 1583 1248 1628 fieri
1277 1582 1569 1645 postularent,
1598 1582 1717 1642 quod

349 1664 553 1707 adversus
573 1663 644 1723 jus
669 1664 843 1724 hospitii
863 1673 971 1707 esset
993 1681 1001 1706 :
1025 1664 1128 1724 ipsi,
1156 1664 1189 1706 si
1216 1672 1409 1723 possent,
1437 1661 1717 1722 comprehen-

349 1742 523 1799 derent3
562 1742 730 1799 locum,
771 1742 843 1785 ubi
877 1753 1007 1798 esset,
1045 1741 1165 1785 facile
1201 1743 1466 1785 inventuros.
1501 1737 1716 1783 Hannibal

349 1823 462 1865 enim
497 1838 586 1865 uno
616 1820 711 1865 loco
746 1838 789 1865 se
819 1822 991 1864 tenebat
1021 1822 1063 1864 in
1096 1820 1288 1877 castello,
1319 1820 1436 1880 quod
1465 1819 1502 1862 ei
1534 1819 1587 1862 ab
1619 1833 1717 1877 rege

350 1901 499 1945 datum
528 1910 620 1944 erat
640 1901 833 1956 muneri;
860 1900 988 1960 idque
1013 1901 1072 1944 sic
1092 1900 1346 1955 aedificarat,
1372 1909 1421 1942 ut
1448 1899 1490 1942 in
1517 1896 1717 1941 omnibus

350 1980 546 2040 partibus
574 1979 740 2023 aedificii
772 1980 935 2023 exitum
963 1979 1041 2022 sibi
1068 1979 1264 2034 haberet,
1291 1994 1458 2038 semper
1488 1992 1638 2020 verens
1664 1991 1717 2018 ne

351 2075 432 2102 usu
452 2059 660 2115 eveniret,
679 2058 796 2117 quod
816 2058 982 2101 accidit.
1004 2060 1101 2100 Huc
1117 2074 1253 2117 quum
1272 2056 1398 2117 legati
1419 2059 1716 2100 Romanorum

350 2138 587 2194 venissent,
612 2154 661 2181 ac
686 2136 965 2180 multitudine
991 2136 1169 2180 domum
1195 2136 1287 2197 ejus
1312 2134 1717 2190 circumdedissent,

351 2233 459 2278 puer
482 2217 534 2260 ab
550 2217 685 2276 janua
706 2216 970 2278 prospiciens
991 2213 1223 2259 Hannibali
1251 2215 1378 2271 dixit,
1399 2213 1542 2276 plures
1563 2222 1719 2274 praeter

351 2295 706 2339 consuetudinem
741 2304 928 2338 armatos
958 2311 1177 2356 apparere.
1209 2294 1298 2351 Qui
1329 2294 1555 2354 imperavit
1583 2292 1643 2348 ei,
1670 2299 1718 2334 ut

352 2391 500 2418 omnes
520 2374 631 2418 fores
651 2374 817 2417 aedificii
837 2375 1108 2431 circumiret,
1129 2390 1177 2417 ac
1198 2390 1380 2434 propere
1399 2373 1477 2416 sibi
1496 2372 1716 2416 renuntia-

351 2463 439 2509 ret,
464 2470 569 2497 num
595 2453 744 2497 eodem
767 2453 897 2496 modo
926 2453 1116 2513 undique
1141 2452 1421 2496 obsideretur.
1449 2454 1562 2495 Puer
1582 2467 1717 2511 quum

352 2531 558 2588 celeriter,
588 2533 693 2592 quid
720 2542 848 2588 esset,
877 2533 1190 2588 renuntiasset,
1218 2547 1452 2589 omnesque
1480 2531 1617 2573 exitus
1648 2547 1719 2573 oc-

353 2621 529 2671 cupatos
554 2611 830 2667 ostendisset3
858 2612 1011 2666 sensit,
1039 2611 1080 2654 id
1112 2627 1198 2654 non
1225 2609 1405 2653 fortuito
1431 2608 1620 2666 factum,
1647 2608 1718 2653 sed
