1859 3310
360 258 407 303 54
808 261 1036 296 CORNELII
1066 261 1271 296 NEPOTIS

360 343 546 388 militum
566 343 809 398 voluntate,
832 342 1007 386 liberius
1029 342 1301 403 loquebatur,
1322 353 1363 385 et
1385 351 1616 402 tyrannum
1639 358 1727 385 non

361 422 583 467 ferendum
612 421 849 465 dictitabat.

425 504 543 546 VIII.
582 503 683 544 Haec
715 499 784 543 ille
816 501 1008 556 intuens,
1035 517 1192 560 quum,
1223 500 1586 561 quemadmodum
1612 499 1730 542 seda-

361 591 446 637 ret,
472 580 674 633 nesciret,
700 589 742 622 et
766 595 973 638 quorsum
997 579 1246 635 evaderent,
1274 581 1463 635 timeret,
1485 578 1732 623 Callicrates

363 660 557 720 quidam,
589 659 692 702 civis
722 658 1014 715 Atheniensis,
1046 661 1120 718 qui
1153 659 1276 703 simul
1314 677 1412 702 cum
1444 676 1494 702 co
1529 676 1579 703 ex
1611 657 1734 702 Pelo-

364 754 557 799 ponneso
597 739 640 780 in
677 736 865 780 Siciliam
901 748 1096 793 venerat,
1130 739 1262 781 homo
1296 747 1337 780 et
1373 737 1571 794 callidus,
1605 747 1647 781 et
1682 737 1735 780 ad

363 817 559 861 fraudem
583 826 761 872 acutus,
783 817 872 859 sine
897 815 983 859 ulla
1005 816 1212 877 religione
1238 834 1286 860 ac
1311 817 1413 873 fide,
1439 816 1527 860 adit
1551 816 1605 860 ad
1633 818 1737 859 Dio-

364 914 482 952 nem,
511 906 554 940 et
585 897 644 939 ait
672 913 680 939 :
716 912 814 939 eum
849 897 892 939 in
927 913 1085 957 magno
1116 895 1310 957 periculo
1340 913 1430 939 esse
1464 905 1642 956 propter
1675 895 1737 937 of-

363 975 601 1020 fensionem
632 975 782 1037 populi
815 986 857 1019 et
887 976 1034 1019 odium
1065 976 1275 1030 militum;
1308 975 1426 1036 quod
1460 974 1580 1018 nullo
1608 974 1738 1018 modo

365 1057 524 1099 evitare
549 1065 714 1116 posset,
736 1056 817 1098 nisi
843 1054 971 1099 alicui
996 1072 1174 1099 suorum
1195 1056 1417 1115 negotium
1438 1055 1577 1110 daret,
1598 1054 1672 1113 qui
1697 1070 1740 1097 se

366 1135 588 1179 simularet
613 1135 674 1179 illi
694 1137 930 1179 inimicum.
958 1137 1101 1193 Quem
1127 1137 1161 1179 si
1181 1137 1412 1179 invenisset
1433 1134 1657 1190 idoneum,
1680 1134 1739 1177 fa-

367 1214 446 1260 cile
472 1217 667 1259 omnium
695 1217 860 1259 animos
887 1217 1192 1276 cogniturum,
1220 1215 1573 1275 adversariosque
1599 1213 1740 1257 subla-

367 1306 535 1352 turum3
558 1296 675 1356 quod
701 1297 862 1339 inimici
886 1296 977 1355 ejus
1002 1295 1224 1339 dissidenti
1248 1312 1347 1338 suos
1374 1312 1522 1338 sensus
1549 1295 1742 1355 aperturi

366 1374 521 1418 forent.
542 1374 635 1418 Tali
653 1374 832 1418 consilio
852 1375 1058 1436 probato,
1079 1376 1238 1435 excipit
1262 1375 1340 1417 has
1367 1384 1509 1435 partes
1533 1375 1623 1434 ipse
1646 1372 1742 1417 Cal-

366 1452 556 1509 licrates,
584 1464 626 1498 et
651 1471 694 1498 se
720 1465 859 1498 armat
885 1455 1178 1516 imprudentia
1203 1455 1358 1499 Dionis
1386 1471 1394 1497 :
1417 1453 1468 1497 ad
1495 1470 1593 1496 eum
1614 1454 1743 1495 inter-

367 1532 600 1576 ficiendum
633 1534 771 1577 socios
803 1535 1021 1593 conquirit
1054 1551 1062 1577 :
1094 1533 1360 1577 adversarios
1393 1534 1484 1593 ejus
1517 1533 1743 1589 convenit,

366 1613 710 1673 conjurationem
733 1614 974 1657 confirmat.
999 1616 1106 1669 Res,
1132 1612 1280 1656 multis
1301 1614 1482 1656 consciis
1509 1628 1604 1672 quae
1625 1628 1744 1672 gere-

366 1702 509 1749 retur,
536 1692 646 1736 elata
670 1692 862 1737 defertur
887 1693 941 1736 ad
967 1693 1320 1748 Aristomachen,
1348 1709 1538 1736 sororem
1565 1692 1743 1746 Dionis,

366 1788 631 1831 uxoremque
656 1774 830 1816 Areten.
858 1771 967 1827 Illae,
995 1773 1149 1815 timore
1174 1773 1431 1832 perterritae,
1459 1771 1744 1825 conveniunt,

365 1851 490 1910 cujus
526 1850 578 1894 de
613 1850 807 1912 periculo
842 1852 1065 1895 timebant.
1102 1854 1158 1896 At
1194 1851 1263 1895 ille
1297 1861 1427 1912 negat
1461 1867 1486 1893 a
1519 1848 1746 1893 Callicrate

364 1930 456 1973 fieri
487 1931 566 1974 sibi
600 1931 800 1987 insidias,
836 1930 909 1974 sed
944 1930 1036 1987 illa,
1077 1948 1172 1991 quae
1210 1941 1463 1992 agerentur,
1500 1930 1592 1974 fieri
1636 1946 1746 1990 prae-

365 2019 490 2070 cepto
526 2026 617 2054 suo.
650 2010 857 2054 Mulieres
889 2010 1025 2054 nihilo
1065 2012 1200 2055 secius
1234 2010 1506 2055 Callicratem
1538 2011 1582 2053 in
1613 2008 1744 2052 aedem

366 2090 635 2150 Proserpinae
657 2089 898 2145 deducunt,
920 2107 968 2134 ac
983 2091 1132 2150 jurare
1158 2101 1342 2152 cogunt,
1363 2089 1470 2133 nihil
1494 2090 1547 2133 ab
1574 2088 1647 2133 illo
1672 2105 1747 2150 pe-

364 2168 491 2213 riculi
511 2169 601 2213 fore
620 2170 767 2214 Dioni.
793 2168 871 2213 Ille
889 2170 970 2214 hac
990 2169 1198 2231 religione
1225 2188 1313 2214 non
1341 2170 1469 2214 modo
1495 2169 1548 2213 ab
1574 2170 1746 2230 incepto

365 2265 456 2292 non
482 2249 734 2305 deterritus,
767 2250 840 2293 sed
867 2250 921 2293 ad
946 2251 1254 2294 maturandum
1280 2252 1521 2294 concitatus
1555 2260 1642 2306 est,
1674 2266 1746 2292 ve-

365 2344 464 2372 rens
491 2345 545 2372 ne
576 2329 697 2390 prius
727 2329 954 2373 consilium
982 2347 1106 2373 suum
1139 2331 1401 2391 aperiretur,
1438 2348 1567 2391 quam
1593 2339 1746 2373 conata

366 2407 627 2468 perfecisset.

430 2489 508 2530 IX.
544 2491 636 2532 Hac
660 2499 823 2546 mente,
850 2491 1048 2550 proximo
1075 2490 1143 2534 die
1162 2490 1291 2547 festo,
1317 2509 1450 2550 quum
1476 2508 1500 2535 a
1527 2501 1744 2535 conventu

367 2575 582 2610 remotum
608 2585 651 2612 se
673 2569 790 2613 Dion
816 2569 932 2613 domi
958 2579 1144 2627 teneret,
1168 2581 1297 2630 atque
1319 2571 1361 2614 in
1388 2570 1582 2614 conclavi
1608 2570 1744 2625 edito,

368 2647 654 2702 recubuisset3
689 2650 870 2692 consciis
904 2648 998 2693 loca
1029 2651 1263 2693 munitiora
1295 2650 1443 2710 oppidi
1477 2650 1632 2707 tradit,
1669 2651 1746 2693 do-
