1859 3310
752 266 914 301 NOTAE.
1447 265 1518 303 255

520 403 566 431 IN
601 401 650 430 M.
686 398 895 428 PORCIUM
929 398 1160 427 CATONEM.

203 517 285 552 CAP.
310 516 340 551 Ι.
371 516 480 551 Ortus
504 510 703 559 municipio
727 512 891 546 Tusculo.
912 510 1009 546 Latii
1034 510 1247 558 oppid0‚in
1270 511 1365 547 colle
1387 512 1457 548 sito
1482 521 1521 548 ut

150 592 170 614 a
188 580 311 614 Roma
337 576 459 612 videri
483 573 617 622 possit3
641 573 755 608 hodie
779 573 956 610 Frascati.

204 663 287 698 Cu.
320 661 369 695 II.
395 660 526 706 Neque
549 658 620 693 hoc
640 669 718 705 per
737 664 908 692 senatum
935 656 1083 704 efficere
1093 656 1228 704 potuit.
1254 657 1367 701 Quod
1392 664 1521 694 contra

149 728 334 759 asseverat
357 721 592 764 Plutarchus,
619 719 695 755 Cat.
720 732 769 754 11.

490 851 536 879 IN
571 850 612 878 T.
649 849 932 878 POMPONIUM
966 849 1180 878 ATTICUM.

203 965 287 1001 cip.
316 966 385 1001 111.
407 964 490 1012 Ipsi
512 971 549 999 et
570 963 692 998 Pilioe.
707 963 797 1007 Quo
810 962 857 998 de
877 963 962 998 loco
982 962 1079 998 inter
1106 961 1294 998 doctiores
1318 975 1397 998 non
1424 975 1520 999 con-

148 1027 263 1063 venit.
293 1027 419 1071 Quum
453 1032 578 1060 autem
603 1025 710 1061 MSS.
746 1040 761 1056 «
777 1024 917 1059 Phidiae
934 1040 948 1056 υ
973 1024 1153 1069 habeant,
1187 1031 1315 1059 natum
1351 1032 1405 1060 est
1427 1025 1521 1061 illud

148 1105 164 1121 «
179 1088 297 1135 Piliae,
314 1104 328 1119 n
355 1087 460 1135 quod
487 1086 638 1134 quidem
664 1085 832 1121 defendit
857 1087 1022 1121 Joannes
1047 1087 1239 1122 Meursius.
1259 1086 1410 1122 Fulvius
1432 1100 1522 1123 vero

148 1150 305 1185 Ursinus
341 1149 512 1185 eliciebat
543 1145 701 1182 «filiae.»
735 1147 896 1191 Quidam
935 1147 1091 1182 «Philiae
1114 1164 1128 1179 »
1161 1147 1383 1194 conjiciunt,
1420 1148 1444 1183 i.
1490 1162 1521 1184 e.

146 1211 343 1256 Amicitiae,
371 1210 401 1245 si
427 1209 578 1256 quidem
603 1208 772 1244 amicitiae
797 1209 917 1243 cultor
942 1208 1054 1244 fuerit
1079 1208 1396 1244 constantissimus
1423 1209 1522 1244 Atti-

148 1284 223 1307 cus.
241 1271 389 1319 Lipsius
413 1278 543 1306 contra
573 1270 677 1318 «ipsi
702 1277 738 1306 et
768 1269 905 1306 Fidei»
933 1270 1173 1318 praeferebat,
1196 1270 1300 1318 quod
1334 1270 1524 1318 improbat

147 1333 342 1377 Schottus‚
368 1345 491 1380 neque
515 1332 648 1368 melius
669 1332 760 1380 quid
788 1332 972 1367 extundit.

202 1394 287 1429 cn.
313 1396 379 1429 IV.
419 1395 537 1439 Quem
562 1394 661 1429 diem
687 1394 742 1428 sic
768 1394 934 1428 universa
964 1392 1101 1428 civitas.
1128 1394 1199 1428 Pro
1225 1409 1240 1424 «
1258 1405 1367 1440 quem
1392 1393 1490 1428 diem
1508 1410 1522 1425 υ

147 1455 297 1490 Fulvius
321 1455 481 1492 Ursinus
513 1456 764 1499 «abeuntem,
791 1471 806 1486 »
830 1456 1003 1502 Rutgers.
1030 1454 1315 1490 “discedentem
1330 1470 1344 1485 »
1364 1455 1522 1502 legebat.

145 1517 279 1552 Melius
302 1517 398 1552 forte
424 1516 535 1552 fuerit
556 1517 727 1551 voculam
749 1532 764 1548 α
782 1516 881 1551 diem
898 1532 913 1547 »
936 1516 1080 1562 ejicere..

199 1578 284 1613 Cu.
303 1579 349 1612 V.
377 1576 748 1625 Hoeredemquesecit
771 1589 820 1612 ex
837 1578 1029 1614 dodrante.
1045 1577 1138 1612 Cum
1162 1577 1303 1612 Nostro
1327 1590 1406 1613 non
1428 1590 1521 1613 eon-

149 1639 251 1674 venit
279 1651 325 1674 eo
350 1640 389 1674 in
414 1640 499 1674 loco
527 1640 611 1674 Val.
636 1639 814 1683 Maxim.,
843 1638 982 1686 quippe
1008 1638 1073 1686 qui
1099 1639 1163 1673 lib.
1193 1650 1272 1684 vn,
1298 1651 1376 1686 cap.
1406 1639 1448 1685 8,
1474 1640 1522 1674 ita

148 1699 338 1747 scripserit
375 1713 383 1735 ε
423 1716 437 1732 ι(
455 1701 501 1744 Q.
546 1700 713 1735 Caecilius
718 1727 778 1736 .....
815 1699 1064 1747 Pomponium
1102 1699 1265 1735 Atticum
1303 1707 1523 1736 testamento

146 1761 361 1808 adoptavit,
387 1761 628 1809 omniumque
653 1762 841 1796 bonorum
868 1761 1020 1808 reliquit
1043 1761 1274 1797 haeredem.»

201 1823 285 1858 CAP.
308 1824 412 1859 VIII.
432 1824 553 1859 Penes
571 1825 713 1859 Brutos.
740 1825 907 1860 Marcum
932 1823 1071 1858 scilicet
1096 1830 1132 1858 et
1156 1823 1360 1858 Decimum.

195 1885 279 1920 Cim.
305 1885 373 1919 IX.
398 1885 515 1932 Apud
534 1885 731 1921 Mutinam.
758 1885 886 1920 Galliae
908 1885 1043 1932 Cisalp.
1065 1884 1263 1932 oppidum3
1289 1884 1402 1919 hodie
1429 1885 1521 1919 Mo-

144 1944 248 1982 dene.
283 1946 350 1981 Cui
387 1946 538 1993 quidem
574 1947 675 1981 bello
712 1953 971 1982 testamentum
1007 1946 1253 1981 Caesarianum
1284 1958 1392 1981 eausa
1431 1946 1523 1991 fuit,

146 2013 344 2054 partesque
371 2007 633 2054 belligerantes
659 2008 834 2043 Octavius
861 2015 896 2043 et
915 2010 1065 2044 Marcus
1087 2007 1285 2043 Antonius.

195 2068 279 2103 CAP.
305 2069 369 2103 XI.
394 2069 702 2104 Samothraciam.
729 2070 1002 2114 Samothracia,
1029 2082 1107 2117 quae
1134 2075 1171 2104 et
1194 2070 1325 2104 Samos
1351 2067 1520 2102 Threicia

144 2127 297 2174 dicitur,
323 2129 441 2164 insula
461 2130 571 2164 maris
598 2129 714 2177 AEgaei
738 2131 904 2166 Thraciae
926 2130 1116 2176 adjacens,
1139 2129 1186 2164 ad
1207 2129 1300 2164 ostia
1327 2128 1446 2163 Hebri
1466 2127 1522 2171 ss.;

146 2188 258 2224 hodie
286 2189 554 2232 Samodrachi,
588 2192 849 2225 Samandraki.

200 2251 327 2298 Neque
345 2251 619 2299 temporariam.
646 2251 690 2286 Id
716 2258 788 2295 est,
814 2259 852 2286 ut
878 2263 987 2299 supra
1015 2251 1172 2295 videris,
1198 2262 1318 2297 neque
1341 2251 1520 2297 temporis

146 2324 250 2347 causa
276 2319 429 2360 gestam.

198 2373 281 2410 CAP.
307 2374 415 2410 XIII.
441 2376 669 2422 Anagnostoe
682 2376 826 2423 optimi.
851 2376 895 2411 Id
921 2382 974 2411 est
1003 2373 1136 2421 optimi
1155 2374 1332 2420 lectores,
1357 2388 1376 2409 a
1405 2386 1520 2421 graeca

145 2447 236 2470 voce
259 2441 504 2486 ἀναγινώσκειν,
522 2436 657 2483 legere.

197 2497 280 2532 CAP.
306 2498 406 2532 XIV.
428 2498 570 2532 Proeter
593 2499 839 2533 Ardeatinam
865 2506 901 2533 et
922 2499 1203 2533 Nomentanum.
1230 2496 1369 2540 Ardea,
1395 2497 1517 2531 Rutu-

144 2558 265 2593 lorum
294 2565 404 2605 caput
430 2558 469 2592 in
494 2559 619 2603 Latio,
647 2573 666 2594 a
691 2561 819 2595 Danae
847 2560 1014 2603 condita3
1043 2558 1100 2593 cui
1137 2558 1286 2605 quidem
1316 2558 1516 2593 etiamnum

145 2618 246 2653 idem
269 2626 322 2655 est
347 2631 496 2655 nomen.
511 2640 561 2646 —
578 2622 810 2667 Nomentum,
835 2622 934 2657 Latii
954 2621 1136 2669 oppidum
1151 2620 1189 2654 in
1206 2620 1375 2664 Sabinis3
1400 2618 1517 2653 hodie

121 2690 126 2694 “
148 2679 340 2715 Mentana.
