1859 3310
364 178 409 213 52
814 176 1042 210 CORNELII
1073 173 1276 208 NEPOTIS

363 276 492 321 quam
527 262 570 304 in
602 260 784 320 patriam
822 258 949 301 rediit
983 267 1106 317 pater
1144 257 1362 316 (namque
1395 254 1579 314 appositi
1610 264 1734 297 erant

362 339 580 394 custodes,
603 340 676 398 qui
697 354 796 381 eum
821 353 845 380 a
870 337 1053 396 pristino
1074 337 1191 379 victu
1212 332 1520 394 deducerent),
1545 343 1594 376 ut
1618 349 1661 376 se
1682 333 1734 375 de

362 420 582 479 superiore
603 427 725 478 parte
745 417 901 460 aedium
922 415 1144 474 dejecerit,
1168 424 1299 474 atque
1320 416 1380 457 ita
1400 414 1623 456 interierit.
1652 411 1734 456 Sed

362 497 465 541 illuc
489 507 695 540 revertor.

423 579 476 619 V.
502 578 736 634 Postquam
755 573 1015 617 Corinthum
1039 574 1234 633 pervenit
1247 574 1386 628 Dion,
1408 582 1449 615 et
1469 571 1619 615 eodem
1638 587 1735 631 per-

361 657 473 716 fugit
497 653 770 708 Heraclides,
797 653 850 695 ab
876 652 1025 695 eodem
1050 651 1252 712 expulsus
1278 653 1509 711 Dionysio,
1535 652 1608 710 qui
1632 666 1736 710 prae-

362 735 496 778 fectus
528 732 667 775 fuerat
696 732 914 791 equitum,
945 732 1063 774 omni
1096 732 1263 773 ratione
1291 729 1452 773 bellum
1484 745 1735 789 comparare

362 821 596 873 coeperunt.
635 810 718 854 Sed
755 827 843 853 non
874 809 1059 854 multum
1092 809 1401 869 proficiebant,
1427 808 1544 868 quod
1575 808 1734 851 multo-

362 908 458 936 rum
501 907 714 934 annorum
760 890 956 950 tyrannis
1004 904 1263 949 magnarum
1310 904 1443 947 opum
1483 887 1732 947 putabatur.

361 974 509 1030 Quam
534 971 589 1014 ob
615 986 788 1013 causam
813 969 940 1030 pauci
967 968 1020 1011 ad
1046 969 1292 1011 societatem
1321 966 1502 1027 periculi
1527 966 1736 1027 perduce-

362 1051 537 1094 bantur.
564 1049 647 1093 Sed
667 1049 805 1105 Dion,
826 1048 960 1091 fretus
985 1064 1071 1090 non
1092 1057 1179 1090 tam
1201 1048 1286 1090 suis
1307 1048 1462 1107 copiis,
1485 1063 1615 1106 quam
1635 1045 1735 1089 odio

361 1130 557 1191 tyranni,
576 1129 765 1172 maximo
787 1129 952 1183 animo,
975 1126 1143 1170 duabus
1159 1127 1367 1171 onerariis
1389 1126 1592 1182 navibus,
1615 1126 1737 1186 quin-

362 1210 570 1270 quaginta
596 1224 811 1251 annorum
838 1208 1088 1268 imperium,
1115 1207 1332 1249 munitum
1359 1206 1607 1266 quingentis
1638 1204 1733 1248 lon·

363 1289 426 1348 gis
451 1288 657 1343 navibus,
683 1287 828 1330 decem
854 1287 1072 1346 equitum,
1097 1295 1270 1329 centum
1296 1286 1490 1346 peditum
1522 1284 1734 1341 millibus,

365 1366 581 1427 profectus
607 1376 933 1427 oppugnatum,
960 1365 1077 1425 quod
1104 1365 1304 1409 omnibus
1326 1365 1526 1425 gentibus
1550 1365 1735 1408 admira-

364 1444 449 1489 bile
478 1455 542 1489 est
575 1447 736 1502 visum,
768 1445 874 1490 adeo
907 1445 1029 1489 facile
1058 1443 1260 1505 perculit,
1292 1454 1341 1487 ut
1368 1454 1467 1505 post
1503 1444 1616 1487 diem
1649 1454 1736 1487 ter-

365 1526 494 1582 tium,
524 1542 655 1586 quam
687 1525 873 1569 Siciliam
903 1525 1124 1586 attigerat,
1154 1527 1386 1584 Syracusas
1415 1524 1640 1567 introierit.
1672 1526 1737 1567 Ex

364 1621 452 1664 quo
493 1605 674 1666 intelligi
709 1615 874 1666 potest,
914 1603 1136 1649 «Nullum
1175 1621 1265 1647 esse
1303 1605 1532 1664 imperium
1568 1613 1737 1658 tutum,

364 1686 445 1728 nisi
467 1684 766 1728 benevolentia
791 1685 1023 1727 munitum.
1044 1704 1064 1724 n
1093 1686 1155 1728 Eo
1180 1693 1373 1743 tempore
1399 1683 1545 1726 aberat
1570 1684 1737 1742 Diony-

363 1766 471 1820 sius,
506 1774 549 1807 et
582 1765 626 1806 in
660 1762 785 1807 Italia
816 1762 993 1807 classem
1030 1763 1356 1823 opperiebatur,
1393 1762 1739 1805 adversariorum

365 1852 484 1886 ratus
507 1844 722 1886 neminem
746 1844 836 1886 sine
860 1844 1027 1903 magnis
1055 1843 1189 1902 copiis
1211 1841 1265 1884 ad
1289 1859 1332 1885 se
1356 1851 1600 1884 venturum.
1629 1841 1740 1897 Quae

367 1938 431 1965 res
458 1938 556 1965 eum
584 1921 732 1965 fefellit
765 1939 774 1964 ε
808 1939 906 1964 nam
934 1923 1051 1965 Dion
1078 1922 1127 1963 iis
1154 1922 1276 1981 ipsis,
1304 1922 1378 1981 qui
1404 1921 1483 1963 sub
1509 1921 1741 1964 adversarii

367 2001 538 2044 fuerant
554 2010 786 2062 potestate,
808 2002 947 2061 regios
969 2002 1145 2061 spiritus
1166 2002 1388 2060 repressit,
1411 2001 1629 2059 totiusque
1649 2000 1740 2059 ejus

366 2082 500 2142 partis
535 2079 687 2123 Siciliae
727 2082 892 2140 potitus
929 2090 1016 2135 est,
1050 2097 1144 2139 quae
1182 2081 1260 2123 sub
1298 2089 1509 2140 potestate
1543 2080 1741 2139 Dionysii

366 2160 524 2215 fuerat3
554 2161 732 2220 parique
751 2159 881 2203 modo
903 2160 1020 2202 urbis
1046 2162 1375 2220 Syracusarum,
1400 2169 1556 2220 praeter
1579 2176 1740 2214 arcem,

366 2250 409 2283 et
438 2238 624 2283 insulam
656 2239 904 2298 adjunctam
934 2238 1118 2299 oppido;
1149 2256 1285 2299 eoque
1316 2256 1407 2282 rem
1437 2239 1659 2299 perduxit,
1693 2249 1742 2282 ut

367 2318 525 2362 talibus
550 2319 824 2380 pactionibus
856 2335 1002 2379 pacem
1038 2328 1247 2378 tyrannus
1276 2318 1413 2362 facere
1441 2318 1566 2362 vellet
1594 2337 1603 2362 ε
1637 2319 1741 2362 Sici-

367 2397 467 2441 liam
492 2399 609 2442 Dion
635 2399 869 2452 obtineret,
897 2398 1065 2442 Italiam
1085 2399 1341 2458 Dionysius,
1362 2400 1591 2458 Syracusas
1610 2397 1742 2458 Apol-

368 2476 569 2533 locrates,
598 2479 667 2521 cui
695 2479 925 2521 maximam
953 2478 1080 2521 fidem
1116 2479 1191 2520 uni
1218 2478 1401 2520 habebat
1427 2478 1674 2536 Dionysius.

435 2559 510 2600 VI.
547 2559 634 2599 Has
655 2567 741 2600 tam
763 2573 1010 2617 prosperas,
1037 2566 1209 2615 tamque
1234 2557 1476 2615 inopinatas
1502 2573 1568 2599 res
1593 2572 1740 2600 conse«
