<?xml version="1.0" encoding="UTF-8"?>
<!DOCTYPE html PUBLIC "-//W3C//DTD XHTML 1.0 Transitional//EN"
    "http://www.w3.org/TR/xhtml1/DTD/xhtml1-transitional.dtd">
<html xmlns="http://www.w3.org/1999/xhtml" xml:lang="en" lang="en">
 <head>
  <title>
</title>
<meta http-equiv="Content-Type" content="text/html;charset=utf-8" />
  <meta name='ocr-system' content='tesseract 3.04.00' />
  <meta name='ocr-capabilities' content='ocr_page ocr_carea ocr_par ocr_line ocrx_word'/>
</head>
<body>
  <div class='ocr_page' id='page_1' title='image "./operanepo00nepouoft_0086.png"; bbox 0 0 1859 3310; ppageno 0'>
   <div class='ocr_carea' id='block_1_1' title="bbox 346 240 1258 277">
    <p class='ocr_par' dir='ltr' id='par_1_1' title="bbox 346 240 1258 277">
     <span class='ocr_line' id='line_1_1' title="bbox 346 240 1258 277; baseline 0.001 -3"><span class='ocrx_word' id='word_1_1' title='bbox 346 240 396 275; x_wconf 82' lang='lat'>68</span> <span class='ocrx_word' id='word_1_2' title='bbox 791 242 1023 277; x_wconf 83' lang='lat' dir='ltr'><strong>CORNELII</strong></span> <span class='ocrx_word' id='word_1_3' title='bbox 1054 241 1258 276; x_wconf 74' lang='lat' dir='ltr'><strong>NEPOTIS</strong></span> 
     </span>
    </p>
   </div>
   <div class='ocr_carea' id='block_1_2' title="bbox 339 320 1729 2617">
    <p class='ocr_par' dir='ltr' id='par_1_2' title="bbox 343 320 1729 1898">
     <span class='ocr_line' id='line_1_2' title="bbox 345 320 1717 385; baseline -0.003 -19"><span class='ocrx_word' id='word_1_4' title='bbox 345 322 463 367; x_wconf 87' lang='lat' dir='ltr'>dates</span> <span class='ocrx_word' id='word_1_5' title='bbox 482 324 605 383; x_wconf 88' lang='lat' dir='ltr'>jussu</span> <span class='ocrx_word' id='word_1_6' title='bbox 637 326 746 385; x_wconf 79' lang='lat' dir='ltr'>regis</span> <span class='ocrx_word' id='word_1_7' title='bbox 772 323 885 367; x_wconf 90' lang='lat' dir='ltr'>bello</span> <span class='ocrx_word' id='word_1_8' title='bbox 914 334 1242 384; x_wconf 76' lang='lat' dir='ltr'><strong>persequeretur</strong></span> <span class='ocrx_word' id='word_1_9' title='bbox 1266 340 1337 366; x_wconf 84' lang='lat' dir='ltr'>eos</span> <span class='ocrx_word' id='word_1_10' title='bbox 1365 322 1439 381; x_wconf 91' lang='lat' dir='ltr'>qui</span> <span class='ocrx_word' id='word_1_11' title='bbox 1463 320 1717 364; x_wconf 74' lang='lat' dir='ltr'><strong>defecerant.</strong></span> 
     </span>
     <span class='ocr_line' id='line_1_3' title="bbox 345 401 1720 464; baseline -0.005 -16"><span class='ocrx_word' id='word_1_12' title='bbox 345 404 542 464; x_wconf 86' lang='lat' dir='ltr'>Namque</span> <span class='ocrx_word' id='word_1_13' title='bbox 574 404 703 463; x_wconf 75' lang='lat' dir='ltr'>liujus</span> <span class='ocrx_word' id='word_1_14' title='bbox 741 420 872 462; x_wconf 87' lang='lat' dir='ltr'>opera</span> <span class='ocrx_word' id='word_1_15' title='bbox 904 404 1068 459; x_wconf 88' lang='lat' dir='ltr'>hostes,</span> <span class='ocrx_word' id='word_1_16' title='bbox 1105 419 1240 463; x_wconf 91' lang='lat' dir='ltr'>quum</span> <span class='ocrx_word' id='word_1_17' title='bbox 1271 411 1410 445; x_wconf 82' lang='lat' dir='ltr'>castra</span> <span class='ocrx_word' id='word_1_18' title='bbox 1439 401 1528 460; x_wconf 85' lang='lat' dir='ltr'>jam</span> <span class='ocrx_word' id='word_1_19' title='bbox 1564 401 1720 443; x_wconf 84' lang='lat' dir='ltr'>intras-</span> 
     </span>
     <span class='ocr_line' id='line_1_4' title="bbox 345 480 1721 543; baseline -0.003 -18"><span class='ocrx_word' id='word_1_20' title='bbox 345 492 461 538; x_wconf 87' lang='lat' dir='ltr'><strong>sent,</strong></span> <span class='ocrx_word' id='word_1_21' title='bbox 489 483 707 543; x_wconf 83' lang='lat' dir='ltr'>prossigati</span> <span class='ocrx_word' id='word_1_22' title='bbox 735 492 861 537; x_wconf 87' lang='lat' dir='ltr'>sunt,</span> <span class='ocrx_word' id='word_1_23' title='bbox 891 483 1190 541; x_wconf 83' lang='lat' dir='ltr'>exercitusque</span> <span class='ocrx_word' id='word_1_24' title='bbox 1220 480 1413 540; x_wconf 84' lang='lat' dir='ltr'>reliquus</span> <span class='ocrx_word' id='word_1_25' title='bbox 1443 488 1721 523; x_wconf 81' lang='lat' dir='ltr'>conservatus</span> 
     </span>
     <span class='ocr_line' id='line_1_5' title="bbox 345 560 1723 622; baseline -0.003 -18"><span class='ocrx_word' id='word_1_26' title='bbox 345 563 457 622; x_wconf 83' lang='lat' dir='ltr'>regis</span> <span class='ocrx_word' id='word_1_27' title='bbox 479 571 542 605; x_wconf 87' lang='lat' dir='ltr'>est</span> <span class='ocrx_word' id='word_1_28' title='bbox 568 578 577 604; x_wconf 73' lang='grc' dir='ltr'>ε</span> <span class='ocrx_word' id='word_1_29' title='bbox 601 577 687 620; x_wconf 90' lang='lat' dir='ltr'>qua</span> <span class='ocrx_word' id='word_1_30' title='bbox 706 578 757 604; x_wconf 82' lang='lat' dir='ltr'>ex</span> <span class='ocrx_word' id='word_1_31' title='bbox 783 577 828 603; x_wconf 86' lang='lat' dir='ltr'>re</span> <span class='ocrx_word' id='word_1_32' title='bbox 847 561 1085 620; x_wconf 87' lang='lat' dir='ltr'>majoribus</span> <span class='ocrx_word' id='word_1_33' title='bbox 1106 561 1233 604; x_wconf 88' lang='lat' dir='ltr'>rebus</span> <span class='ocrx_word' id='word_1_34' title='bbox 1256 576 1435 621; x_wconf 80' lang='lat' dir='ltr'>pracesse</span> <span class='ocrx_word' id='word_1_35' title='bbox 1456 560 1597 619; x_wconf 84' lang='lat' dir='ltr'>coepit.</span> <span class='ocrx_word' id='word_1_36' title='bbox 1620 561 1723 602; x_wconf 82' lang='lat' dir='ltr'>Erat</span> 
     </span>
     <span class='ocr_line' id='line_1_6' title="bbox 346 639 1724 701; baseline -0.001 -18"><span class='ocrx_word' id='word_1_37' title='bbox 346 657 396 684; x_wconf 91' lang='lat' dir='ltr'>eo</span> <span class='ocrx_word' id='word_1_38' title='bbox 428 650 621 701; x_wconf 88' lang='lat' dir='ltr'>tempore</span> <span class='ocrx_word' id='word_1_39' title='bbox 650 640 818 700; x_wconf 84' lang='lat' dir='ltr'>Thyus,</span> <span class='ocrx_word' id='word_1_40' title='bbox 851 639 1051 700; x_wconf 80' lang='lat' dir='ltr'>dynastes</span> <span class='ocrx_word' id='word_1_41' title='bbox 1084 639 1412 700; x_wconf 81' lang='lat' dir='ltr'>Paphlagoniae,</span> <span class='ocrx_word' id='word_1_42' title='bbox 1444 640 1623 698; x_wconf 87' lang='lat' dir='ltr'>antiquo</span> <span class='ocrx_word' id='word_1_43' title='bbox 1653 654 1724 698; x_wconf 83' lang='lat' dir='ltr'>ge-</span> 
     </span>
     <span class='ocr_line' id='line_1_7' title="bbox 345 716 1725 779; baseline -0.001 -17"><span class='ocrx_word' id='word_1_44' title='bbox 345 736 447 763; x_wconf 84' lang='lat' dir='ltr'>nere</span> <span class='ocrx_word' id='word_1_45' title='bbox 467 729 594 762; x_wconf 87' lang='lat' dir='ltr'>natus</span> <span class='ocrx_word' id='word_1_46' title='bbox 615 735 639 762; x_wconf 88' lang='lat' dir='ltr'>a</span> <span class='ocrx_word' id='word_1_47' title='bbox 664 717 904 779; x_wconf 77' lang='lat' dir='ltr'>Pylaemene</span> <span class='ocrx_word' id='word_1_48' title='bbox 926 718 1019 775; x_wconf 91' lang='lat' dir='ltr'>illo,</span> <span class='ocrx_word' id='word_1_49' title='bbox 1045 736 1173 779; x_wconf 88' lang='lat' dir='ltr'>quem</span> <span class='ocrx_word' id='word_1_50' title='bbox 1197 722 1411 762; x_wconf 79' lang='lat' dir='ltr'>Homerus</span> <span class='ocrx_word' id='word_1_51' title='bbox 1434 719 1590 761; x_wconf 81' lang='lat' dir='ltr'>Troico</span> <span class='ocrx_word' id='word_1_52' title='bbox 1612 716 1725 760; x_wconf 86' lang='lat' dir='ltr'>bello</span> 
     </span>
     <span class='ocr_line' id='line_1_8' title="bbox 345 797 1723 858; baseline -0.002 -16"><span class='ocrx_word' id='word_1_53' title='bbox 345 816 368 842; x_wconf 89' lang='lat' dir='ltr'>a</span> <span class='ocrx_word' id='word_1_54' title='bbox 389 798 589 843; x_wconf 81' lang='lat' dir='ltr'>Patroclo</span> <span class='ocrx_word' id='word_1_55' title='bbox 610 799 884 842; x_wconf 88' lang='lat' dir='ltr'>interfectum</span> <span class='ocrx_word' id='word_1_56' title='bbox 905 800 976 841; x_wconf 89' lang='lat' dir='ltr'>ait.</span> <span class='ocrx_word' id='word_1_57' title='bbox 1001 801 1042 841; x_wconf 88' lang='lat' dir='ltr'>Is</span> <span class='ocrx_word' id='word_1_58' title='bbox 1066 799 1153 858; x_wconf 83' lang='lat' dir='ltr'>regi</span> <span class='ocrx_word' id='word_1_59' title='bbox 1176 798 1292 841; x_wconf 84' lang='lat' dir='ltr'>dicto</span> <span class='ocrx_word' id='word_1_60' title='bbox 1313 797 1490 840; x_wconf 87' lang='lat' dir='ltr'>audiens</span> <span class='ocrx_word' id='word_1_61' title='bbox 1513 814 1601 840; x_wconf 86' lang='lat' dir='ltr'>non</span> <span class='ocrx_word' id='word_1_62' title='bbox 1619 806 1723 840; x_wconf 88' lang='lat' dir='ltr'>erat.</span> 
     </span>
     <span class='ocr_line' id='line_1_9' title="bbox 345 877 1727 938; baseline -0.002 -16"><span class='ocrx_word' id='word_1_63' title='bbox 345 880 489 936; x_wconf 87' lang='lat' dir='ltr'>Quam</span> <span class='ocrx_word' id='word_1_64' title='bbox 520 879 575 922; x_wconf 92' lang='lat' dir='ltr'>ob</span> <span class='ocrx_word' id='word_1_65' title='bbox 606 895 779 922; x_wconf 87' lang='lat' dir='ltr'>causam</span> <span class='ocrx_word' id='word_1_66' title='bbox 811 877 923 921; x_wconf 89' lang='lat' dir='ltr'>bello</span> <span class='ocrx_word' id='word_1_67' title='bbox 959 895 1058 922; x_wconf 91' lang='lat' dir='ltr'>eum</span> <span class='ocrx_word' id='word_1_68' title='bbox 1094 878 1294 938; x_wconf 76' lang='lat' dir='ltr'>persequi</span> <span class='ocrx_word' id='word_1_69' title='bbox 1325 877 1572 932; x_wconf 87' lang='lat' dir='ltr'>constituit,</span> <span class='ocrx_word' id='word_1_70' title='bbox 1603 877 1727 935; x_wconf 90' lang='lat' dir='ltr'>eique</span> 
     </span>
     <span class='ocr_line' id='line_1_10' title="bbox 345 955 1726 1021; baseline -0.004 -17"><span class='ocrx_word' id='word_1_71' title='bbox 345 961 405 1004; x_wconf 88' lang='lat' dir='ltr'>rei</span> <span class='ocrx_word' id='word_1_72' title='bbox 433 959 622 1021; x_wconf 83' lang='lat' dir='ltr'>praefecit</span> <span class='ocrx_word' id='word_1_73' title='bbox 647 961 898 1014; x_wconf 87' lang='lat' dir='ltr'>Datamem,</span> <span class='ocrx_word' id='word_1_74' title='bbox 927 958 1221 1018; x_wconf 88' lang='lat' dir='ltr'>propinquum</span> <span class='ocrx_word' id='word_1_75' title='bbox 1250 955 1542 1017; x_wconf 77' lang='lat' dir='ltr'>Paphlagonis</span> <span class='ocrx_word' id='word_1_76' title='bbox 1570 972 1578 999; x_wconf 93' lang='lat'><strong>:</strong></span> <span class='ocrx_word' id='word_1_77' title='bbox 1605 972 1726 999; x_wconf 88' lang='lat' dir='ltr'>nam-</span> 
     </span>
     <span class='ocr_line' id='line_1_11' title="bbox 346 1037 1725 1100; baseline -0.003 -16"><span class='ocrx_word' id='word_1_78' title='bbox 346 1057 430 1100; x_wconf 85' lang='lat' dir='ltr'>que</span> <span class='ocrx_word' id='word_1_79' title='bbox 451 1057 501 1084; x_wconf 85' lang='lat' dir='ltr'>ex</span> <span class='ocrx_word' id='word_1_80' title='bbox 521 1040 653 1084; x_wconf 86' lang='lat' dir='ltr'>fratre</span> <span class='ocrx_word' id='word_1_81' title='bbox 678 1050 719 1084; x_wconf 89' lang='lat' dir='ltr'>et</span> <span class='ocrx_word' id='word_1_82' title='bbox 744 1056 891 1083; x_wconf 85' lang='lat' dir='ltr'>sorore</span> <span class='ocrx_word' id='word_1_83' title='bbox 916 1048 1040 1082; x_wconf 86' lang='lat' dir='ltr'>erant</span> <span class='ocrx_word' id='word_1_84' title='bbox 1061 1039 1150 1081; x_wconf 89' lang='lat' dir='ltr'>nati</span> <span class='ocrx_word' id='word_1_85' title='bbox 1173 1055 1181 1081; x_wconf 90' lang='lat'>:</span> <span class='ocrx_word' id='word_1_86' title='bbox 1208 1054 1338 1097; x_wconf 89' lang='lat' dir='ltr'>quam</span> <span class='ocrx_word' id='word_1_87' title='bbox 1364 1037 1419 1080; x_wconf 91' lang='lat' dir='ltr'>ob</span> <span class='ocrx_word' id='word_1_88' title='bbox 1444 1054 1617 1081; x_wconf 86' lang='lat' dir='ltr'>causam</span> <span class='ocrx_word' id='word_1_89' title='bbox 1638 1039 1725 1082; x_wconf 85' lang='lat' dir='ltr'>Da-</span> 
     </span>
     <span class='ocr_line' id='line_1_12' title="bbox 346 1117 1727 1181; baseline -0.002 -17"><span class='ocrx_word' id='word_1_90' title='bbox 346 1130 479 1164; x_wconf 83' lang='lat' dir='ltr'>tames</span> <span class='ocrx_word' id='word_1_91' title='bbox 504 1121 646 1164; x_wconf 80' lang='lat' dir='ltr'>onmia</span> <span class='ocrx_word' id='word_1_92' title='bbox 670 1121 859 1181; x_wconf 90' lang='lat' dir='ltr'>primum</span> <span class='ocrx_word' id='word_1_93' title='bbox 880 1119 1065 1179; x_wconf 82' lang='lat' dir='ltr'>experiri</span> <span class='ocrx_word' id='word_1_94' title='bbox 1091 1117 1249 1173; x_wconf 90' lang='lat' dir='ltr'>voluit,</span> <span class='ocrx_word' id='word_1_95' title='bbox 1281 1127 1328 1161; x_wconf 91' lang='lat' dir='ltr'>ut</span> <span class='ocrx_word' id='word_1_96' title='bbox 1352 1117 1442 1160; x_wconf 83' lang='lat' dir='ltr'>sine</span> <span class='ocrx_word' id='word_1_97' title='bbox 1466 1118 1596 1161; x_wconf 87' lang='lat' dir='ltr'>armis</span> <span class='ocrx_word' id='word_1_98' title='bbox 1625 1135 1727 1179; x_wconf 89' lang='lat' dir='ltr'>pro-</span> 
     </span>
     <span class='ocr_line' id='line_1_13' title="bbox 345 1198 1728 1261; baseline -0.002 -17"><span class='ocrx_word' id='word_1_99' title='bbox 345 1202 559 1261; x_wconf 88' lang='lat' dir='ltr'>pinquum</span> <span class='ocrx_word' id='word_1_100' title='bbox 580 1200 633 1243; x_wconf 93' lang='lat' dir='ltr'>ad</span> <span class='ocrx_word' id='word_1_101' title='bbox 654 1200 846 1243; x_wconf 86' lang='lat' dir='ltr'>officium</span> <span class='ocrx_word' id='word_1_102' title='bbox 875 1199 1113 1242; x_wconf 81' lang='lat' dir='ltr'>reduceret.</span> <span class='ocrx_word' id='word_1_103' title='bbox 1140 1198 1206 1241; x_wconf 85' lang='lat' dir='ltr'>Ad</span> <span class='ocrx_word' id='word_1_104' title='bbox 1228 1214 1356 1257; x_wconf 88' lang='lat' dir='ltr'>quem</span> <span class='ocrx_word' id='word_1_105' title='bbox 1383 1214 1519 1257; x_wconf 89' lang='lat' dir='ltr'>quum</span> <span class='ocrx_word' id='word_1_106' title='bbox 1544 1199 1728 1241; x_wconf 82' lang='lat' dir='ltr'>venisset</span> 
     </span>
     <span class='ocr_line' id='line_1_14' title="bbox 346 1277 1726 1341; baseline -0.001 -18"><span class='ocrx_word' id='word_1_107' title='bbox 346 1281 436 1323; x_wconf 90' lang='lat' dir='ltr'>sine</span> <span class='ocrx_word' id='word_1_108' title='bbox 460 1280 685 1341; x_wconf 75' lang='lat' dir='ltr'>praesidio,</span> <span class='ocrx_word' id='word_1_109' title='bbox 712 1279 830 1339; x_wconf 88' lang='lat' dir='ltr'>quod</span> <span class='ocrx_word' id='word_1_110' title='bbox 863 1280 915 1322; x_wconf 88' lang='lat' dir='ltr'>ab</span> <span class='ocrx_word' id='word_1_111' title='bbox 940 1280 1078 1321; x_wconf 84' lang='lat' dir='ltr'>amico</span> <span class='ocrx_word' id='word_1_112' title='bbox 1108 1277 1248 1321; x_wconf 86' lang='lat' dir='ltr'>nullas</span> <span class='ocrx_word' id='word_1_113' title='bbox 1282 1287 1504 1322; x_wconf 83' lang='lat' dir='ltr'>vereretur</span> <span class='ocrx_word' id='word_1_114' title='bbox 1530 1278 1726 1333; x_wconf 87' lang='lat' dir='ltr'>insidias,</span> 
     </span>
     <span class='ocr_line' id='line_1_15' title="bbox 345 1357 1724 1420; baseline -0.002 -17"><span class='ocrx_word' id='word_1_115' title='bbox 345 1376 467 1420; x_wconf 82' lang='lat' dir='ltr'>paene</span> <span class='ocrx_word' id='word_1_116' title='bbox 496 1360 658 1403; x_wconf 87' lang='lat' dir='ltr'>interiit</span> <span class='ocrx_word' id='word_1_117' title='bbox 689 1377 698 1403; x_wconf 91' lang='lat'><strong>:</strong></span> <span class='ocrx_word' id='word_1_118' title='bbox 731 1376 828 1402; x_wconf 88' lang='lat' dir='ltr'>nam</span> <span class='ocrx_word' id='word_1_119' title='bbox 857 1359 1005 1419; x_wconf 86' lang='lat' dir='ltr'>Thyus</span> <span class='ocrx_word' id='word_1_120' title='bbox 1034 1375 1133 1402; x_wconf 89' lang='lat' dir='ltr'>eum</span> <span class='ocrx_word' id='word_1_121' title='bbox 1165 1357 1272 1401; x_wconf 88' lang='lat' dir='ltr'>clam</span> <span class='ocrx_word' id='word_1_122' title='bbox 1303 1358 1544 1401; x_wconf 82' lang='lat' dir='ltr'>interficere</span> <span class='ocrx_word' id='word_1_123' title='bbox 1574 1357 1724 1401; x_wconf 83' lang='lat' dir='ltr'>voluit.</span> 
     </span>
     <span class='ocr_line' id='line_1_16' title="bbox 344 1436 1726 1498; baseline -0.001 -16"><span class='ocrx_word' id='word_1_124' title='bbox 344 1441 449 1482; x_wconf 83' lang='lat' dir='ltr'>Erat</span> <span class='ocrx_word' id='word_1_125' title='bbox 478 1449 616 1483; x_wconf 89' lang='lat' dir='ltr'>mater</span> <span class='ocrx_word' id='word_1_126' title='bbox 644 1456 743 1482; x_wconf 91' lang='lat' dir='ltr'>cum</span> <span class='ocrx_word' id='word_1_127' title='bbox 776 1442 983 1495; x_wconf 79' lang='lat' dir='ltr'>Datame,</span> <span class='ocrx_word' id='word_1_128' title='bbox 1016 1439 1146 1481; x_wconf 82' lang='lat' dir='ltr'>amita</span> <span class='ocrx_word' id='word_1_129' title='bbox 1181 1436 1491 1498; x_wconf 77' lang='lat' dir='ltr'>Paplilagonis3</span> <span class='ocrx_word' id='word_1_130' title='bbox 1524 1454 1593 1493; x_wconf 88' lang='lat' dir='ltr'>ea,</span> <span class='ocrx_word' id='word_1_131' title='bbox 1622 1438 1726 1497; x_wconf 90' lang='lat' dir='ltr'>quid</span> 
     </span>
     <span class='ocr_line' id='line_1_17' title="bbox 345 1516 1725 1578; baseline -0.001 -17"><span class='ocrx_word' id='word_1_132' title='bbox 345 1528 560 1578; x_wconf 79' lang='lat' dir='ltr'>ageretur,</span> <span class='ocrx_word' id='word_1_133' title='bbox 587 1520 750 1574; x_wconf 82' lang='lat' dir='ltr'>resciit,</span> <span class='ocrx_word' id='word_1_134' title='bbox 776 1518 999 1578; x_wconf 87' lang='lat' dir='ltr'>filiumque</span> <span class='ocrx_word' id='word_1_135' title='bbox 1026 1519 1197 1561; x_wconf 81' lang='lat' dir='ltr'>monuit</span> <span class='ocrx_word' id='word_1_136' title='bbox 1227 1534 1234 1560; x_wconf 92' lang='lat'>:</span> <span class='ocrx_word' id='word_1_137' title='bbox 1265 1516 1334 1560; x_wconf 89' lang='lat' dir='ltr'>ille</span> <span class='ocrx_word' id='word_1_138' title='bbox 1355 1516 1458 1577; x_wconf 79' lang='lat' dir='ltr'>fuga</span> <span class='ocrx_word' id='word_1_139' title='bbox 1484 1516 1725 1577; x_wconf 84' lang='lat' dir='ltr'>periculum</span> 
     </span>
     <span class='ocr_line' id='line_1_18' title="bbox 344 1597 1729 1659; baseline -0.001 -17"><span class='ocrx_word' id='word_1_140' title='bbox 344 1600 541 1655; x_wconf 87' lang='lat' dir='ltr'>evitavit,</span> <span class='ocrx_word' id='word_1_141' title='bbox 569 1598 816 1659; x_wconf 91' lang='lat' dir='ltr'>bellumque</span> <span class='ocrx_word' id='word_1_142' title='bbox 840 1597 997 1641; x_wconf 79' lang='lat' dir='ltr'>indixit</span> <span class='ocrx_word' id='word_1_143' title='bbox 1020 1598 1155 1658; x_wconf 83' lang='lat' dir='ltr'>Thyo.</span> <span class='ocrx_word' id='word_1_144' title='bbox 1182 1599 1231 1639; x_wconf 88' lang='lat' dir='ltr'>In</span> <span class='ocrx_word' id='word_1_145' title='bbox 1261 1613 1348 1656; x_wconf 92' lang='lat' dir='ltr'>quo</span> <span class='ocrx_word' id='word_1_146' title='bbox 1375 1613 1509 1656; x_wconf 88' lang='lat' dir='ltr'>quum</span> <span class='ocrx_word' id='word_1_147' title='bbox 1530 1597 1582 1639; x_wconf 89' lang='lat' dir='ltr'>ab</span> <span class='ocrx_word' id='word_1_148' title='bbox 1606 1598 1729 1641; x_wconf 88' lang='lat' dir='ltr'>Ario-</span> 
     </span>
     <span class='ocr_line' id='line_1_19' title="bbox 344 1676 1726 1740; baseline -0.003 -18"><span class='ocrx_word' id='word_1_149' title='bbox 344 1679 553 1735; x_wconf 87' lang='lat' dir='ltr'>barzane,</span> <span class='ocrx_word' id='word_1_150' title='bbox 583 1679 785 1740; x_wconf 79' lang='lat' dir='ltr'>praefecto</span> <span class='ocrx_word' id='word_1_151' title='bbox 821 1678 966 1739; x_wconf 76' lang='lat' dir='ltr'>Lydiae</span> <span class='ocrx_word' id='word_1_152' title='bbox 997 1688 1040 1721; x_wconf 90' lang='lat' dir='ltr'>et</span> <span class='ocrx_word' id='word_1_153' title='bbox 1073 1678 1224 1734; x_wconf 84' lang='lat' dir='ltr'>Ioniae,</span> <span class='ocrx_word' id='word_1_154' title='bbox 1259 1678 1478 1735; x_wconf 86' lang='lat' dir='ltr'>totiusque</span> <span class='ocrx_word' id='word_1_155' title='bbox 1509 1676 1726 1736; x_wconf 73' lang='lat' dir='ltr'>Phrygiae,</span> 
     </span>
     <span class='ocr_line' id='line_1_20' title="bbox 344 1757 1727 1819; baseline -0.001 -18"><span class='ocrx_word' id='word_1_156' title='bbox 344 1758 538 1801; x_wconf 88' lang='lat' dir='ltr'>desertus</span> <span class='ocrx_word' id='word_1_157' title='bbox 573 1769 706 1814; x_wconf 80' lang='lat' dir='ltr'>esset3</span> <span class='ocrx_word' id='word_1_158' title='bbox 748 1757 885 1801; x_wconf 86' lang='lat' dir='ltr'>nihilo</span> <span class='ocrx_word' id='word_1_159' title='bbox 927 1759 1100 1819; x_wconf 80' lang='lat' dir='ltr'>segnius</span> <span class='ocrx_word' id='word_1_160' title='bbox 1139 1757 1454 1818; x_wconf 86' lang='lat' dir='ltr'>perseveravit,</span> <span class='ocrx_word' id='word_1_161' title='bbox 1492 1757 1727 1816; x_wconf 75' lang='lat' dir='ltr'>vivumque</span> 
     </span>
     <span class='ocr_line' id='line_1_21' title="bbox 343 1837 1196 1898; baseline 0.001 -19"><span class='ocrx_word' id='word_1_162' title='bbox 343 1837 516 1897; x_wconf 85' lang='lat' dir='ltr'>Thyum</span> <span class='ocrx_word' id='word_1_163' title='bbox 541 1839 656 1898; x_wconf 90' lang='lat' dir='ltr'>cepit</span> <span class='ocrx_word' id='word_1_164' title='bbox 684 1854 782 1881; x_wconf 89' lang='lat' dir='ltr'>cum</span> <span class='ocrx_word' id='word_1_165' title='bbox 809 1854 943 1881; x_wconf 86' lang='lat' dir='ltr'>uxore</span> <span class='ocrx_word' id='word_1_166' title='bbox 969 1847 1010 1880; x_wconf 93' lang='lat' dir='ltr'>et</span> <span class='ocrx_word' id='word_1_167' title='bbox 1037 1837 1196 1880; x_wconf 90' lang='lat' dir='ltr'>liberis.</span> 
     </span>
    </p>

    <p class='ocr_par' dir='ltr' id='par_1_3' title="bbox 339 1917 1725 2617">
     <span class='ocr_line' id='line_1_22' title="bbox 408 1917 1725 1978; baseline 0 -18"><span class='ocrx_word' id='word_1_168' title='bbox 408 1919 486 1960; x_wconf 91' lang='lat' dir='ltr'><strong>III.</strong></span> <span class='ocrx_word' id='word_1_169' title='bbox 522 1918 660 1977; x_wconf 87' lang='lat' dir='ltr'>Cujus</span> <span class='ocrx_word' id='word_1_170' title='bbox 686 1917 786 1961; x_wconf 88' lang='lat' dir='ltr'>facti</span> <span class='ocrx_word' id='word_1_171' title='bbox 813 1934 867 1961; x_wconf 93' lang='lat' dir='ltr'>ne</span> <span class='ocrx_word' id='word_1_172' title='bbox 894 1918 1015 1978; x_wconf 86' lang='lat' dir='ltr'>prius</span> <span class='ocrx_word' id='word_1_173' title='bbox 1042 1917 1154 1961; x_wconf 88' lang='lat' dir='ltr'>fama</span> <span class='ocrx_word' id='word_1_174' title='bbox 1178 1917 1231 1961; x_wconf 88' lang='lat' dir='ltr'>ad</span> <span class='ocrx_word' id='word_1_175' title='bbox 1258 1934 1427 1978; x_wconf 83' lang='lat' dir='ltr'>regem,</span> <span class='ocrx_word' id='word_1_176' title='bbox 1457 1934 1586 1977; x_wconf 89' lang='lat' dir='ltr'>quam</span> <span class='ocrx_word' id='word_1_177' title='bbox 1613 1918 1725 1978; x_wconf 90' lang='lat' dir='ltr'>ipse,</span> 
     </span>
     <span class='ocr_line' id='line_1_23' title="bbox 344 1997 1724 2059; baseline 0.001 -19"><span class='ocrx_word' id='word_1_178' title='bbox 344 1999 608 2056; x_wconf 87' lang='lat' dir='ltr'>perveniret,</span> <span class='ocrx_word' id='word_1_179' title='bbox 644 1997 762 2042; x_wconf 86' lang='lat' dir='ltr'>dedit</span> <span class='ocrx_word' id='word_1_180' title='bbox 796 2014 986 2059; x_wconf 87' lang='lat' dir='ltr'>operam.</span> <span class='ocrx_word' id='word_1_181' title='bbox 1024 2001 1198 2058; x_wconf 85' lang='lat' dir='ltr'>Itaque,</span> <span class='ocrx_word' id='word_1_182' title='bbox 1233 1999 1435 2042; x_wconf 88' lang='lat' dir='ltr'>omnibus</span> <span class='ocrx_word' id='word_1_183' title='bbox 1472 1999 1642 2054; x_wconf 86' lang='lat' dir='ltr'>insciis,</span> <span class='ocrx_word' id='word_1_184' title='bbox 1674 2015 1724 2041; x_wconf 84' lang='lat' dir='ltr'>eo</span> 
     </span>
     <span class='ocr_line' id='line_1_24' title="bbox 343 2077 1721 2138; baseline 0.001 -19"><span class='ocrx_word' id='word_1_185' title='bbox 343 2077 417 2120; x_wconf 92' lang='lat' dir='ltr'>ubi</span> <span class='ocrx_word' id='word_1_186' title='bbox 452 2087 544 2120; x_wconf 85' lang='lat' dir='ltr'>erat</span> <span class='ocrx_word' id='word_1_187' title='bbox 574 2094 668 2133; x_wconf 81' lang='lat' dir='ltr'>rex,</span> <span class='ocrx_word' id='word_1_188' title='bbox 704 2079 842 2133; x_wconf 81' lang='lat' dir='ltr'>venit3</span> <span class='ocrx_word' id='word_1_189' title='bbox 879 2088 1142 2138; x_wconf 89' lang='lat' dir='ltr'>posteroque</span> <span class='ocrx_word' id='word_1_190' title='bbox 1177 2079 1244 2121; x_wconf 89' lang='lat' dir='ltr'>die</span> <span class='ocrx_word' id='word_1_191' title='bbox 1275 2079 1468 2138; x_wconf 84' lang='lat' dir='ltr'>Thyum,</span> <span class='ocrx_word' id='word_1_192' title='bbox 1503 2078 1721 2121; x_wconf 89' lang='lat' dir='ltr'>hominem</span> 
     </span>
     <span class='ocr_line' id='line_1_25' title="bbox 341 2157 1723 2218; baseline 0.001 -19"><span class='ocrx_word' id='word_1_193' title='bbox 341 2158 515 2200; x_wconf 82' lang='lat' dir='ltr'>maximi</span> <span class='ocrx_word' id='word_1_194' title='bbox 550 2159 767 2218; x_wconf 87' lang='lat' dir='ltr'>corporis,</span> <span class='ocrx_word' id='word_1_195' title='bbox 807 2157 1077 2217; x_wconf 85' lang='lat' dir='ltr'>terribilique</span> <span class='ocrx_word' id='word_1_196' title='bbox 1110 2157 1239 2213; x_wconf 85' lang='lat' dir='ltr'>facie,</span> <span class='ocrx_word' id='word_1_197' title='bbox 1272 2158 1390 2217; x_wconf 91' lang='lat' dir='ltr'>quod</span> <span class='ocrx_word' id='word_1_198' title='bbox 1422 2167 1464 2201; x_wconf 88' lang='lat' dir='ltr'>et</span> <span class='ocrx_word' id='word_1_199' title='bbox 1501 2158 1643 2217; x_wconf 85' lang='lat' dir='ltr'>niger,</span> <span class='ocrx_word' id='word_1_200' title='bbox 1681 2168 1723 2201; x_wconf 93' lang='lat' dir='ltr'>et</span> 
     </span>
     <span class='ocr_line' id='line_1_26' title="bbox 342 2234 1721 2298; baseline 0.001 -20"><span class='ocrx_word' id='word_1_201' title='bbox 342 2234 500 2296; x_wconf 78' lang='lat' dir='ltr'>capillo</span> <span class='ocrx_word' id='word_1_202' title='bbox 518 2235 664 2296; x_wconf 85' lang='lat' dir='ltr'>longo,</span> <span class='ocrx_word' id='word_1_203' title='bbox 685 2237 905 2297; x_wconf 84' lang='lat' dir='ltr'>barbaque</span> <span class='ocrx_word' id='word_1_204' title='bbox 923 2248 1015 2280; x_wconf 88' lang='lat' dir='ltr'>erat</span> <span class='ocrx_word' id='word_1_205' title='bbox 1032 2238 1264 2297; x_wconf 88' lang='lat' dir='ltr'>promissa,</span> <span class='ocrx_word' id='word_1_206' title='bbox 1283 2238 1449 2298; x_wconf 86' lang='lat' dir='ltr'>optima</span> <span class='ocrx_word' id='word_1_207' title='bbox 1470 2247 1584 2280; x_wconf 90' lang='lat' dir='ltr'>veste</span> <span class='ocrx_word' id='word_1_208' title='bbox 1602 2238 1721 2292; x_wconf 84' lang='lat' dir='ltr'>texit,</span> 
     </span>
     <span class='ocr_line' id='line_1_27' title="bbox 340 2317 1721 2377; baseline 0.001 -18"><span class='ocrx_word' id='word_1_209' title='bbox 340 2332 472 2374; x_wconf 90' lang='lat' dir='ltr'>quam</span> <span class='ocrx_word' id='word_1_210' title='bbox 517 2326 699 2377; x_wconf 81' lang='lat' dir='ltr'>satrapae</span> <span class='ocrx_word' id='word_1_211' title='bbox 745 2318 850 2377; x_wconf 84' lang='lat' dir='ltr'>regii</span> <span class='ocrx_word' id='word_1_212' title='bbox 892 2334 1039 2377; x_wconf 82' lang='lat' dir='ltr'>gerere</span> <span class='ocrx_word' id='word_1_213' title='bbox 1082 2327 1420 2373; x_wconf 81' lang='lat' dir='ltr'>consueverant3</span> <span class='ocrx_word' id='word_1_214' title='bbox 1462 2317 1721 2376; x_wconf 85' lang='lat' dir='ltr'>ornavitque</span> 
     </span>
     <span class='ocr_line' id='line_1_28' title="bbox 340 2395 1718 2458; baseline 0.003 -21"><span class='ocrx_word' id='word_1_215' title='bbox 340 2396 468 2438; x_wconf 87' lang='lat' dir='ltr'>etiam</span> <span class='ocrx_word' id='word_1_216' title='bbox 498 2405 673 2455; x_wconf 88' lang='lat' dir='ltr'>torque,</span> <span class='ocrx_word' id='word_1_217' title='bbox 705 2407 747 2440; x_wconf 89' lang='lat' dir='ltr'>et</span> <span class='ocrx_word' id='word_1_218' title='bbox 773 2395 951 2440; x_wconf 88' lang='lat' dir='ltr'>armillis</span> <span class='ocrx_word' id='word_1_219' title='bbox 984 2399 1146 2453; x_wconf 81' lang='lat' dir='ltr'>aureis,</span> <span class='ocrx_word' id='word_1_220' title='bbox 1180 2407 1409 2457; x_wconf 88' lang='lat' dir='ltr'>ceteroque</span> <span class='ocrx_word' id='word_1_221' title='bbox 1438 2398 1556 2458; x_wconf 85' lang='lat' dir='ltr'>regio</span> <span class='ocrx_word' id='word_1_222' title='bbox 1583 2397 1718 2441; x_wconf 86' lang='lat' dir='ltr'>cultu.</span> 
     </span>
     <span class='ocr_line' id='line_1_29' title="bbox 339 2476 1719 2538; baseline 0.001 -20"><span class='ocrx_word' id='word_1_223' title='bbox 339 2477 456 2535; x_wconf 89' lang='lat' dir='ltr'>Ipse,</span> <span class='ocrx_word' id='word_1_224' title='bbox 483 2477 639 2536; x_wconf 86' lang='lat' dir='ltr'>agresti</span> <span class='ocrx_word' id='word_1_225' title='bbox 673 2476 835 2537; x_wconf 84' lang='lat' dir='ltr'>duplici</span> <span class='ocrx_word' id='word_1_226' title='bbox 864 2476 1052 2520; x_wconf 88' lang='lat' dir='ltr'>amiculo</span> <span class='ocrx_word' id='word_1_227' title='bbox 1076 2477 1394 2531; x_wconf 81' lang='lat' dir='ltr'>circumdatus,</span> <span class='ocrx_word' id='word_1_228' title='bbox 1422 2477 1622 2538; x_wconf 84' lang='lat' dir='ltr'>hirtaque</span> <span class='ocrx_word' id='word_1_229' title='bbox 1649 2487 1719 2520; x_wconf 87' lang='lat' dir='ltr'>tu-</span> 
     </span>
     <span class='ocr_line' id='line_1_30' title="bbox 340 2556 1716 2617; baseline 0.002 -20"><span class='ocrx_word' id='word_1_230' title='bbox 340 2556 458 2610; x_wconf 86' lang='lat' dir='ltr'>nica,</span> <span class='ocrx_word' id='word_1_231' title='bbox 486 2573 637 2616; x_wconf 84' lang='lat' dir='ltr'>gerens</span> <span class='ocrx_word' id='word_1_232' title='bbox 667 2558 710 2600; x_wconf 87' lang='lat' dir='ltr'>in</span> <span class='ocrx_word' id='word_1_233' title='bbox 735 2558 874 2617; x_wconf 88' lang='lat' dir='ltr'>capite</span> <span class='ocrx_word' id='word_1_234' title='bbox 902 2556 1067 2617; x_wconf 82' lang='lat' dir='ltr'>galeam</span> <span class='ocrx_word' id='word_1_235' title='bbox 1092 2559 1382 2612; x_wconf 84' lang='lat' dir='ltr'>venatoriam,</span> <span class='ocrx_word' id='word_1_236' title='bbox 1410 2556 1559 2601; x_wconf 85' lang='lat' dir='ltr'>dextra</span> <span class='ocrx_word' id='word_1_237' title='bbox 1586 2574 1716 2600; x_wconf 90' lang='lat' dir='ltr'>manu</span> 
     </span>
    </p>
   </div>
   <div class='ocr_carea' id='block_1_3' title="bbox 341 2633 1716 2697">
    <p class='ocr_par' dir='ltr' id='par_1_4' title="bbox 341 2633 1716 2697">
     <span class='ocr_line' id='line_1_31' title="bbox 341 2633 1716 2697; baseline 0.003 -22"><span class='ocrx_word' id='word_1_238' title='bbox 341 2633 528 2690; x_wconf 84' lang='lat' dir='ltr'>clavam,</span> <span class='ocrx_word' id='word_1_239' title='bbox 557 2637 728 2679; x_wconf 80' lang='lat' dir='ltr'>sinistra</span> <span class='ocrx_word' id='word_1_240' title='bbox 760 2637 982 2697; x_wconf 80' lang='lat' dir='ltr'>copulam,</span> <span class='ocrx_word' id='word_1_241' title='bbox 1011 2654 1095 2696; x_wconf 92' lang='lat' dir='ltr'>qua</span> <span class='ocrx_word' id='word_1_242' title='bbox 1128 2638 1322 2680; x_wconf 80' lang='lat' dir='ltr'>vinctum</span> <span class='ocrx_word' id='word_1_243' title='bbox 1350 2647 1450 2680; x_wconf 86' lang='lat' dir='ltr'>ante</span> <span class='ocrx_word' id='word_1_244' title='bbox 1477 2653 1520 2680; x_wconf 87' lang='lat' dir='ltr'>se</span> <span class='ocrx_word' id='word_1_245' title='bbox 1546 2637 1716 2697; x_wconf 62' lang='lat' dir='ltr'>Thy-um</span> 
     </span>
    </p>
   </div>
  </div>
 </body>
</html>
