1859 3310
688 224 902 258 A'rT1cus.
1410 241 1420 261 ι
1433 230 1478 276 39

107 320 210 353 erat.
242 312 344 355 Non
375 310 513 353 solum
542 310 632 368 ejus
660 309 846 362 inimici,
877 309 951 367 qui
989 317 1080 350 tum
1116 318 1238 351 erant
1269 313 1478 368 potentis-

107 390 201 432 simi
227 399 271 433 et
292 389 491 450 plurimi,
510 388 584 431 sed
603 389 732 431 etiam
757 388 831 448 qui
852 387 1110 431 adversariis
1132 387 1224 447 ejus
1238 404 1282 431 se
1302 387 1478 443 dabant,

105 478 148 511 et
185 470 228 511 in
266 486 316 513 eo
354 467 551 512 laedendo
588 485 631 512 se
672 468 862 528 aliquam
901 477 1214 511 consecuturos
1248 468 1480 528 sperabant

105 549 541 604 commendationem,
555 549 735 593 Antonii
752 546 983 591 familiares
998 548 1358 608 insequebantur3
1374 564 1480 591 uxo-

106 645 195 672 rem
218 627 415 672 Fulviam
443 629 648 672 omnibus
676 628 805 672 rebus
835 627 1020 688 spoliare
1046 628 1297 688 cupiebant;
1324 626 1481 670 liberos

105 709 233 751 etiam
256 709 532 769 exstinguere
558 708 785 770 parabant.
806 708 977 752 Atticus
991 741 1002 763 ,
1020 724 1156 767 quum
1170 708 1393 752 Ciceronis
1414 707 1481 749 in-

104 788 206 830 tima
228 787 522 833 familiaritate
546 798 764 845 uteretur,
783 789 1071 832 amicissimus
1091 798 1202 832 esset
1216 790 1375 843 Bruto,
1392 802 1481 829 non

104 866 235 910 modo
270 867 378 911 nihil
414 869 464 912 iis
492 867 672 911 indulsit
700 868 753 912 ad
779 869 1021 913 Antonium
1055 866 1328 922 violandum3
1359 866 1433 909 sed
1460 882 1483 908 e

104 948 325 990 contrario
358 947 590 991 familiares
620 948 733 1007 ejus,
764 965 816 991 ex
852 948 959 990 urbe
988 947 1307 1007 profugientes,
1344 962 1482 1005 quan-

105 1036 198 1069 tum
235 1028 401 1087 potuit,
438 1028 566 1083 texit,
608 1029 768 1087 quibus
802 1028 930 1070 rebus
966 1026 1271 1087 indiguerunt,
1301 1024 1480 1085 adjuvit.

104 1108 150 1149 P.
181 1122 283 1150 vero
313 1106 551 1150 Volumnio
574 1124 622 1151 ea
647 1108 826 1163 tribuit,
855 1117 903 1150 ut
936 1105 1066 1167 plura
1095 1122 1119 1149 a
1144 1115 1325 1166 parente
1350 1104 1483 1166 profi—

103 1188 203 1231 cisci
237 1204 326 1231 non
355 1189 591 1249 potuerint.
634 1189 723 1248 Ipsi
754 1198 899 1231 autem
938 1186 1123 1242 Fulviae,
1159 1202 1296 1246 quum
1334 1184 1482 1228 litibus

104 1267 402 1324 distineretur,
424 1269 680 1330 magnisque
704 1268 945 1312 terroribus
967 1277 1219 1321 vexaretur,
1244 1276 1365 1309 tanta
1387 1264 1482 1308 dili-

106 1349 250 1409 gentia
271 1348 464 1392 officium
489 1366 616 1393 suum
640 1350 863 1410 praestitit,
881 1358 928 1391 ut
949 1346 1118 1390 nullum
1146 1345 1218 1389 illa
1240 1346 1396 1390 stiterit
1414 1362 1483 1388 va-

106 1428 346 1472 dimonium
372 1430 464 1472 sine
493 1430 657 1485 Attico,
686 1429 756 1472 hic
781 1445 967 1489 sponsor
994 1428 1191 1472 omnium
1216 1443 1363 1469 rerum
1393 1425 1484 1468 fue-

106 1508 174 1551 rit.
215 1509 337 1566 Quin
375 1509 525 1565 etiam,
570 1526 707 1569 quum
745 1508 818 1552 illa
853 1508 1039 1552 fundum
1084 1507 1271 1551 secunda
1310 1506 1485 1549 fortuna

106 1589 275 1631 emisset
293 1590 336 1631 in
362 1588 495 1645 diem,
517 1606 657 1649 neque
684 1599 781 1649 post
801 1587 1089 1632 calamitatem
1109 1603 1333 1630 versuram
1348 1586 1485 1630 faeere

105 1669 340 1728 potuisset,
368 1667 439 1712 ille
465 1685 508 1712 se
532 1669 814 1730 interposuit,
842 1669 1159 1729 pecuniamque
1189 1668 1280 1711 sine
1299 1667 1484 1721 foenore,

103 1748 281 1807 sineque
302 1747 390 1792 ulla
405 1747 685 1810 stipulatione
705 1749 742 1792 ei
758 1748 967 1803 credidit3
984 1749 1222 1791 maximum
1237 1748 1485 1791 existimans

102 1837 585 1887 quaestum,memorem
609 1839 870 1889 gratumque
893 1829 1120 1890 cognosci,
1150 1826 1365 1887 simulque
1385 1843 1486 1887 ape-

102 1909 208 1964 rire,
229 1925 272 1952 se
295 1925 384 1953 non
406 1909 613 1966 fortunae,
639 1909 712 1953 sed
738 1909 990 1952 hominibus
1013 1908 1149 1953 solere
1170 1924 1260 1952 esse
1283 1908 1482 1950 amicum.

102 1988 212 2045 Quae
238 2005 375 2049 quum
407 1989 610 2045 faciebat,
649 2007 777 2033 nemo
819 2007 918 2033 eum
951 1990 1156 2050 temporis
1183 2005 1313 2032 causa
1347 1988 1485 2031 facere

104 2078 276 2129 poterat
296 2070 554 2114 existimare.
577 2071 752 2114 Nemini
779 2071 894 2113 enim
920 2070 964 2112 in
993 2070 1244 2130 opinionem
1265 2068 1484 2122 veniebat,

105 2150 343 2192 Antonium
369 2166 516 2193 rerum
540 2151 800 2211 potiturum.
831 2150 914 2193 Sed
945 2150 1103 2193 sensim
1142 2150 1174 2192 is
1206 2166 1230 2192 a
1262 2146 1486 2191 nonnullis

104 2229 386 2289 optimatibus
412 2230 833 2291 reprehendebatur,
859 2230 975 2291 quod
1001 2247 1155 2291 parum
1184 2230 1325 2273 odisse
1352 2227 1486 2271 malos

104 2310 216 2352 cives
245 2309 479 2353 videretur.
503 2309 582 2354 Ille
601 2320 745 2354 autem
771 2311 836 2353 sui
859 2310 1033 2370 judicii,
1060 2311 1206 2370 potius
1231 2309 1336 2369 quid
1359 2325 1402 2351 se
1426 2307 1487 2351 fa-

105 2406 200 2433 eere
238 2406 317 2450 par
352 2400 483 2445 esset,
521 2391 799 2446 intuebatur,
840 2407 971 2450 quam
1010 2390 1114 2450 quid
1160 2389 1231 2432 alii
1268 2388 1486 2432 laudaturi

106 2469 261 2515 forent.

169 2554 224 2595 X.
250 2555 472 2598 Conversa
501 2553 647 2596 subito
672 2553 850 2595 fortuna
872 2562 947 2595 est.
973 2553 1013 2595 U
1019 2561 1033 2593 t
1063 2551 1277 2594 Antonius
1296 2550 1423 2593 rediit
1445 2551 1485 2592 in

106 2631 294 2688 ltaliam,
317 2650 442 2677 nemo
474 2651 559 2677 non
589 2650 747 2694 magno
782 2634 823 2676 in
852 2631 1045 2693 periculo
1070 2632 1261 2676 Atticum
1287 2630 1484 2674 futurum
