1859 3310
655 207 964 243 FRAGMENTA.
1413 218 1425 239 ι
1436 204 1481 252 59

129 313 267 341 venna
291 312 479 341 CLxxxui
499 310 533 338 M
556 309 685 353 pass,
712 291 914 349 antiquus
941 296 1075 330 auctae
1099 285 1231 329 Italiae
1252 288 1482 343 terminus,

129 392 244 420 nunc
270 392 371 418 vero
394 375 529 417 Istriae
551 389 559 414 :
587 387 717 430 quam
743 368 1094 429 cognominatam
1123 382 1147 408 a
1174 364 1350 407 flumine
1371 368 1482 409 Istro

130 458 172 499 in
197 455 402 499 Hadriam
430 452 632 496 effluente
658 466 680 493 e
703 448 909 494 Danubio
937 463 1085 503 amne,
1118 445 1342 504 eidemque
1372 446 1483 487 Istro

128 552 179 578 ex
203 534 382 577 adverso
407 530 512 575 Padi
538 530 700 584 fauces,
728 528 947 572 contrario
973 542 1121 570 eorum
1148 541 1352 585 percussu
1375 525 1485 566 mari

127 613 356 672 interjecto
388 609 680 663 dulcescente,
715 606 911 668 plerique
942 607 1086 648 dixere
1112 603 1238 658 falso,
1272 612 1313 646 et
1339 604 1484 662 Nepos

127 689 354 736 Cornelius
379 690 529 743 etiam,
553 688 658 732 Padi
682 686 837 730 accola.
864 687 978 730 Plin.
1007 701 1076 741 111,
1109 685 1175 729 18.

188 772 306 814 VIII.
343 768 473 829 Alpes
508 769 551 810 in
583 767 899 828 longitudinem
927 784 953 809 x
984 781 1021 809 M
1050 782 1158 825 pass.
1192 775 1337 825 patere
1366 780 1390 807 a
1419 780 1488 806 su-

127 866 231 909 pero
262 849 370 892 mari
398 847 451 891 ad
477 847 685 903 inferum,
716 845 873 890 Caelius
901 845 1059 897 tradit3
1093 845 1362 903 Timagenes,
1391 859 1484 886 xxil

126 945 163 973 M
186 945 294 988 pass.
318 927 514 971 deductis
539 943 548 970 :
574 928 618 969 in
645 925 937 977 latitudinem,
968 922 1197 968 Cornelius
1220 923 1366 981 Nepos
1390 938 1486 964 cen-

129 1018 219 1051 tum
250 1024 308 1063 M,
348 1009 398 1050 T.
435 1007 583 1050 Livius
617 1006 699 1048 tria
728 1021 765 1049 M
795 1004 1059 1058 stadiorum,
1098 1012 1278 1061 uterque
1309 1000 1487 1043 diversis

128 1088 172 1129 in
198 1086 314 1129 locis.
343 1085 458 1130 Plz'tz.
487 1101 575 1140 111,
596 1101 662 1145 19.

189 1168 309 1210 Inter
341 1165 450 1208 duos
483 1166 719 1224 Bosporos,
746 1163 981 1206 Thracium
1013 1171 1055 1203 et
1088 1159 1393 1213 Cimmerium,
1428 1158 1490 1201 di-

127 1254 244 1289 recto
273 1260 422 1298 cursu,
456 1253 503 1286 ut
531 1252 683 1301 auctor
716 1252 780 1285 est
807 1241 1032 1301 Polybius,
1065 1255 1105 1284 ιο
1132 1256 1169 1283 Μ
1195 1254 1398 1298 passuum
1425 1238 1489 1280 in-

128 1333 314 1375 tersunt3
338 1323 522 1367 circuitu
544 1339 645 1365 vero
671 1323 804 1365 totius
830 1322 980 1376 Ponti,
1008 1321 1134 1362 vicies
1156 1317 1285 1361 semel
1310 1327 1489 1360 centena

129 1404 441 1464 quinquaginta
468 1419 526 1457 Μ,
557 1412 606 1445 ut
636 1412 787 1445 auctor
815 1411 879 1444 est
906 1402 1067 1456 Varro,
1104 1408 1145 1442 et
1170 1398 1279 1441 ferre
1308 1408 1487 1440 veteres.

128 1484 273 1543 Nepos
314 1481 539 1527 Cornelius
583 1491 772 1525 trecenta
809 1479 939 1524 millia
973 1480 1288 1539 quinquaginta
1330 1477 1488 1536 adjicit.

130 1562 255 1617 Plin‘
271 1578 330 1616 lv,
362 1578 428 1606 12.

192 1645 242 1686 ln
265 1658 341 1685 ora
365 1642 545 1697 Oceani,
567 1639 736 1684 colonia
755 1641 961 1701 Augusti,
982 1643 1003 1683 J
1011 1639 1095 1682 ulia
1117 1637 1412 1682 Constantia...
1438 1638 1491 1678 Et

129 1722 181 1765 ab
216 1737 266 1765 ea
297 1737 425 1764 xxxn
456 1737 494 1765 M
524 1737 634 1780 pass.
666 1720 860 1775 colonia,
894 1737 913 1763 a
943 1719 1128 1763 Claudio
1163 1720 1328 1762 Caesare
1360 1715 1491 1770 facta,

129 1801 273 1844 Lixos.
304 1801 370 1844 Ibi
402 1801 520 1860 regia
547 1800 711 1856 Antaei,
742 1809 1045 1858 certamenque
1079 1814 1179 1840 cum
1210 1794 1418 1848 Hercule,
1452 1803 1494 1836 et

130 1880 416 1940 Hesperidum
435 1876 594 1923 horti...
617 1882 746 1923 Extat
766 1880 810 1921 in
833 1895 880 1921 ea
900 1888 942 1921 et
965 1894 1037 1920 ara
1057 1875 1275 1930 Herculis,
1293 1891 1372 1918 nec
1391 1890 1495 1935 prae-

132 1970 197 2004 ter
219 1959 424 2003 oleastros
453 1958 571 2003 aliud
595 1976 646 2002 ex
671 1968 847 2001 narrato
872 1956 947 2001 illo
975 1957 1163 2000 aurifero
1190 1970 1378 1998 nemore.
1410 1954 1494 1996 Mi-

131 2056 212 2083 nus
233 2039 428 2100 profecto
451 2040 665 2082 mirentur
689 2047 941 2098 portentosa
969 2037 1149 2080 Graeciae
1173 2034 1415 2090 mendacia,
1441 2032 1492 2077 de

132 2120 182 2162 iis
215 2128 256 2162 et
290 2135 415 2162 amne
439 2118 549 2162 Lixo
578 2117 769 2178 prodita,
799 2118 875 2176 qui
909 2117 1125 2177 cogitent,
1152 2123 1321 2158 nostros
1355 2129 1494 2173 nuper

131 2196 262 2259 paulo
288 2199 432 2241 minus
454 2197 720 2240 monstrifica
746 2196 942 2256 quaedam
967 2195 1020 2237 de
1048 2194 1198 2238 iisdem
1227 2193 1455 2237 tradidisse
1484 2209 1494 2235 z

133 2276 411 2338 praevalidam
443 2278 554 2320 hanc
587 2276 761 2330 urbem,
788 2276 1082 2335 majoremque
1111 2274 1377 2333 Carthagine
1404 2288 1496 2315 ma-

133 2374 236 2419 gna,
260 2366 465 2417 praeterea
489 2373 540 2400 ex
563 2355 744 2399 adverso
769 2357 861 2415 ejus
887 2356 1031 2410 sitam,
1056 2363 1097 2397 et
1126 2369 1261 2414 prope
1284 2353 1495 2395 immenso

134 2446 275 2481 tractu
305 2437 358 2480 ab
389 2438 536 2496 Tingi3
568 2452 748 2496 quaeque
781 2435 863 2478 alia
897 2433 1125 2479 Cornelius
1158 2434 1307 2493 Nepos
1342 2431 1496 2475 avidis-

136 2517 239 2561 sime
267 2517 460 2560 credidit.
490 2517 605 2561 Plz'sz.
632 2533 671 2570 V,
704 2533 740 2560 1.

199 2595 343 2656 Aliqui
364 2598 475 2640 inter
494 2599 681 2640 Pontum
697 2607 739 2640 et
755 2598 961 2656 Caspium
984 2612 1099 2639 mare
1118 2611 1308 2640 CCCLxxv
1331 2610 1365 2638 M
1384 2610 1492 2654 pass.
