1859 3310
710 215 1003 249 ALcnxlADEs.
1495 218 1543 264 39

171 300 319 345 eadem
339 301 431 345 loca
457 300 536 344 sibi
563 298 816 350 arbitratus,
835 297 1007 356 penitus
1026 298 1069 339 in
1087 296 1318 340 Thraciam
1346 313 1389 340 se
1414 313 1545 358 supra

172 379 482 440 Propontidem
496 377 677 433 abdidit,
694 392 870 436 sperans
889 376 947 418 ibi
967 375 1167 419 facillime
1186 391 1307 419 suam
1324 375 1542 420 fortunam

172 459 308 511 occuli
334 474 456 519 posse
481 474 490 500 :
519 457 640 501 falso.
671 457 785 500 Nam
812 456 1024 511 Thraces,
1054 465 1287 517 postquam
1315 471 1415 499 eum
1445 471 1543 499 cum

169 554 326 599 magna
354 537 534 598 pecunia
564 537 729 581 venisse
765 546 1013 593 senserunt,
1041 535 1215 580 insidias
1241 536 1279 579 ei
1311 535 1506 579 fecerunt
1534 553 1543 579 :

168 617 243 677 qui
266 632 336 674 ea,
363 633 459 677 quae
484 627 760 678 apportarat,
788 615 1082 673 abstulerunt,
1108 616 1251 677 ipsum
1275 631 1429 676 capere
1454 632 1543 660 non

166 706 418 757 potuerunt.
437 696 516 741 Ille
535 713 739 753 cernens,
759 695 929 741 nullum
948 695 1092 740 locum
1111 696 1190 739 sibi
1208 704 1350 739 tutum
1367 695 1411 738 in
1428 696 1546 739 Grae-

166 776 231 820 cia
256 785 438 837 propter
460 777 703 837 potentiam
730 775 1188 831 Lacedaemoniorum,
1215 773 1270 818 ad
1295 774 1545 818 Pharnaba-

166 872 265 899 zum
299 857 344 900 in
377 857 525 900 Asiam
563 856 749 900 transiit.
792 857 937 913 Quem
970 854 1148 916 quidem
1178 853 1286 897 adeo
1323 869 1399 897 sua
1432 855 1544 915 cepit

165 936 455 991 humanitate,
483 946 531 979 ut
555 952 654 979 eum
678 951 806 979 nemo
824 935 868 978 in
887 935 1078 978 amicitia
1097 932 1382 977 antecederet.
1409 933 1544 977 Nam-

164 1031 248 1075 que
276 1016 314 1058 ei
344 1016 567 1059 Grunium
595 1015 795 1069 dederat,
827 1016 871 1057 in
901 1014 1088 1074 Phrygia
1124 1022 1335 1068 castrum,
1369 1028 1421 1055 ex
1454 1028 1541 1071 quo

163 1095 470 1154 quinquagena
496 1093 658 1138 talenta
685 1093 906 1154 vectigalis
925 1092 1133 1152 capiebat.
1153 1093 1252 1148 Qua
1271 1091 1446 1135 fortuna
1464 1091 1540 1135 Al-

161 1173 347 1217 cibiades
370 1190 460 1216 non
485 1183 576 1217 erat
599 1182 848 1226 contentus,
875 1188 1015 1232 neque
1041 1171 1233 1215 Athenas
1260 1171 1392 1214 victas
1409 1173 1542 1214 Lace-

162 1252 386 1297 daemoniis
404 1254 566 1296 servire
584 1262 755 1314 poterat
776 1253 880 1314 pati.
900 1254 1053 1312 Itaque
1078 1251 1132 1295 ad
1150 1251 1338 1312 patriam
1356 1250 1543 1295 liberan-

161 1332 260 1376 dam
286 1334 406 1377 onmi
431 1333 652 1377 ferebatur
678 1333 953 1394 cogitatione.
975 1332 1059 1377 Sed
1085 1332 1257 1375 videbat
1276 1332 1319 1375 id
1335 1333 1427 1375 sine
1444 1348 1544 1393 rege

159 1414 391 1457 Persarum
414 1430 503 1457 non
527 1430 652 1475 posse
674 1413 789 1469 fieri3
816 1413 998 1473 ideoque
1024 1429 1124 1456 eum
1148 1413 1338 1455 amicum
1364 1412 1444 1455 sibi
1471 1428 1544 1456 cu-

161 1493 309 1554 piebat
333 1492 526 1555 adjungi.
555 1495 707 1553 Neque
726 1493 952 1536 dubitabat
976 1491 1101 1536 facile
1119 1509 1162 1536 se
1183 1501 1541 1547 consecuturum,

160 1573 194 1616 si
220 1572 350 1616 modo
373 1574 466 1633 ejus
489 1572 775 1616 conveniendi
797 1573 1017 1616 habuisset
1035 1581 1302 1632 potestatem.
1322 1572 1435 1615 Nam
1458 1573 1543 1632 Cy-

161 1668 259 1694 rum
291 1651 468 1695 fratrem
494 1654 531 1696 ei
560 1652 723 1696 bellum
752 1652 863 1696 clam
897 1668 1069 1712 parare,
1102 1651 1439 1696 Lacedaemoniis
1466 1652 1543 1695 ad-

154 1732 432 1791 juvantibus,
463 1732 626 1775 sciebat
652 1749 661 1776 :
693 1732 737 1776 id
763 1733 796 1775 si
824 1733 861 1775 ei
896 1731 1155 1792 aperuisset,
1185 1745 1387 1790 magnam
1417 1747 1461 1774 se
1491 1739 1543 1774 ab

159 1827 210 1855 eo
238 1812 450 1855 initurum
476 1813 660 1873 gratiam
688 1812 876 1856 videbat.

223 1893 279 1934 Χ.
315 1894 418 1935 Haec
445 1908 582 1952 quum
607 1892 851 1948 moliretur,
870 1901 1124 1953 peteretque
1143 1908 1166 1934 a
1191 1891 1477 1934 Pharnabazo
1495 1901 1544 1934 ut

158 1971 213 2014 ad
240 1987 386 2032 regem
418 1972 684 2029 mitteretur3
719 1972 872 2016 eodem
903 1981 1098 2033 tempore
1130 1971 1292 2015 Critias
1325 1971 1543 2030 ceterique

158 2052 333 2111 tyranni
361 2051 694 2096 Atheniensium
724 2062 864 2096 certos
893 2052 1090 2095 homines
1118 2050 1172 2095 ad
1198 2050 1474 2111 Lysandrum
1500 2052 1541 2093 in

160 2132 308 2175 Asiam
332 2132 568 2187 miserunt,
595 2133 668 2192 qui
695 2149 795 2176 eum
822 2133 1052 2175 certiorem
1079 2131 1289 2186 facerent,
1318 2131 1399 2174 nisi
1424 2130 1543 2175 Alci-

154 2209 328 2254 ·biadem
356 2211 618 2268 sustulisset,
648 2212 756 2256 nihil
781 2229 930 2256 earum
956 2229 1103 2256 rerum
1129 2212 1221 2255 fore
1245 2221 1411 2267 ratum,
1437 2227 1543 2271 quas

160 2292 248 2351 ipse
274 2291 455 2334 Athenis
481 2293 772 2348 constituisset
797 2309 806 2335 z
833 2309 987 2352 quare,
1015 2293 1049 2336 si
1076 2308 1174 2335 suas
1202 2308 1269 2335 res
1293 2301 1432 2351 gestas
1456 2307 1544 2334 ma—

160 2387 263 2414 nere
300 2369 446 2427 vellet,
477 2370 600 2414 illum
628 2381 976 2433 persequeretur.
1013 2372 1090 2414 His
1120 2373 1237 2414 Laco
1265 2371 1396 2414 rebus
1426 2387 1544 2413 com-

159 2460 302 2494 motus
321 2452 491 2507 statuit,
516 2452 761 2495 accuratius
780 2452 861 2496 sibi
885 2451 1102 2513 agendum
1124 2468 1223 2495 cum
1245 2450 1540 2496 Pharnabazo.

162 2533 272 2574 Huic
291 2548 393 2592 ergo
413 2534 658 2585 renuntiat,
677 2548 772 2592 quae
791 2533 880 2592 regi
904 2549 1003 2575 cnm
1022 2531 1360 2575 Lacedaemoniis
1378 2540 1542 2585 essent,

162 2610 281 2654 irrita
316 2610 484 2667 futura,
513 2612 593 2654 nisi
634 2611 897 2655 Alcibiadem
925 2613 1073 2655 vivum
1099 2621 1170 2656 aut
1203 2621 1425 2655 mortuum
1457 2620 1543 2654 tra-
