1859 3310
274 237 345 272 232
873 241 1031 275 NOTAE

270 326 405 354 nateur
428 320 562 365 dictus,
597 322 643 356 ab
665 320 864 368 ἀπιλλύω,
883 324 1018 371 perdo,
1037 322 1241 368 interfit-h),
1261 324 1350 359 sicut
1372 326 1500 359 Perses
1513 353 1522 369 ‚
1542 327 1634 360 Per--

270 382 344 424 sei,
365 381 428 428 qui
440 382 601 417 Medusae
621 391 728 430 caput
742 385 990 427 detruncavit,
1004 384 1099 419 filius
1114 412 1123 429 ,
1136 398 1155 420 a
1182 398 1254 431 quo
1268 385 1478 420 Herodotus
1492 412 1501 428 ,
1515 386 1537 419 l.
1553 399 1609 420 vu
1625 413 1635 429 ,

272 441 406 476 Persas
419 442 600 489 originem
614 444 760 478 duxisse
779 445 924 487 scribit3
939 445 1030 479 sicut
1043 446 1186 488 Persoe,
1202 453 1239 480 et
1250 446 1398 488 Parthi,
1415 453 1450 480 et
1461 448 1637 492 Lapersa?

270 501 334 546 dii,
345 516 365 536 a
379 499 511 547 πέρθω,
523 504 779 550 perdo,vasto,
791 504 952 551 perimo,
966 502 1114 551 πέρα-ις,
1128 507 1301 551 vastatio;
1315 506 1408 542 sicut
1424 504 1637 552 Περσεφόνη,

269 564 506 610 Proserpina,
521 565 568 599 ab
582 565 710 600 eadem
725 578 816 600 voce
834 573 869 600 ct
888 563 977 611 φωνή
994 593 1003 610 ,
1029 567 1144 602 caedes
1156 595 1165 611 ‚
1182 575 1340 615 strages,
1355 581 1434 615 quae
1448 569 1637 615 cognomi-

270 632 353 659 nata
376 631 429 659 est
446 626 669 669 Axiocersa,
689 627 736 660 ab
756 624 876 677 ἄξιος,
899 628 1048 675 dignus,
1062 625 1175 677 ἁξιόω
1188 655 1198 672 ,
1213 628 1364 676 dignor,
1385 643 1526 676 aequum
1547 642 1637 665 cen—

269 697 344 729 seo,
358 682 476 734 ἑιξιό-,
490 686 529 722 ἱη
542 700 720 734 compos„
734 696 837 736 aptus
851 690 916 732 ad,
933 690 995 737 qui
1008 697 1144 737 potest,
1158 697 1194 724 et
1206 688 1353 739 χερσόω
1364 718 1373 735 ,
1388 692 1533 736 desolo,
1546 688 1639 740 χές--

270 760 346 791 cos,
377 746 564 793 desertus,
591 750 709 784 solum
741 750 948 795 desertum;
978 753 1209 786 Artaxerxes
1241 763 1328 786 vero
1354 764 1400 787 ex
1424 750 1544 799 ἀρτάς
1568 765 1638 801 pro

267 803 412 858 μέγας,
430 821 602 857 magnus,
616 818 651 846 et
669 813 837 854 Xerxes,
864 819 1044 859 sonatque
1062 814 1209 847 Xerxes
1229 813 1402 860 Magnus.

322 870 508 906 Mnemon.
529 872 615 919 Cyri
628 872 787 918 junioris
801 872 923 908 frater.
939 873 995 907 Ex
1015 885 1134 920 graeco
1161 870 1326 918 μνήμων,
1338 887 1499 919 memor,
1515 876 1640 910 valens

269 931 466 977 memoria,
485 932 606 967 scriba
624 933 688 980 qui
705 933 838 978 refert,
856 940 896 968 ut
919 934 1100 969 Mnemon
1124 934 1316 982 AEgyptius
1343 937 1402 970 vel
1422 936 1563 971 Anubis
1575 963 1584 980 ,
1603 936 1641 971 in

269 992 411 1027 tabulas
431 1005 473 1028 ca
495 1006 652 1040 quorum
671 994 851 1030 memoria
870 1001 924 1030 est
944 994 1150 1030 retinenda.
1171 995 1288 1042 Hujus
1306 1008 1383 1041 res,
1406 1004 1539 1043 praetcr
1560 998 1643 1032 Cte-

269 1053 376 1098 siam,
403 1054 632 1100 Diodorum,
658 1056 860 1100 Justinum‚
884 1056 1080 1103 separatim
1113 1057 1225 1092 tradit
1249 1058 1482 1102 Plutarchus,
1509 1059 1545 1093 in
1569 1059 1643 1095 vita

268 1114 383 1160 illius,
401 1123 437 1151 et
458 1129 631 1164 magnam
650 1125 794 1165 partem
812 1124 939 1152 auctor
961 1117 1143 1153 librorum
1167 1125 1307 1166 septem
1335 1119 1381 1154 de
1406 1119 1643 1167 expeditione

269 1175 372 1224 Cyri,
390 1177 512 1214 fratris
537 1179 623 1226 ejus.

321 1240 461 1274 Matris
485 1253 576 1275 suoe.
608 1242 849 1290 Parysatidis,
875 1255 954 1289 quae
979 1242 1170 1287 Statiram,
1201 1254 1355 1278 uxorem
1380 1242 1472 1288 ejus,
1497 1254 1642 1277 veneno

270 1301 424 1336 necavit.
458 1302 550 1336 Vide
575 1304 744 1338 CTESIAM
766 1310 802 1338 et
819 1305 1090 1338 Prumncnum.

323 1363 387 1395 Ex
418 1362 477 1396 leis
513 1364 585 1397 duo
615 1364 743 1399 eodem
774 1364 930 1398 nomine.
958 1362 1126 1410 Respicit
1148 1363 1208 1407 id,
1232 1363 1334 1410 quod
1355 1376 1464 1410 supra
1483 1363 1646 1406 dixerat,

270 1432 340 1458 tres
359 1432 489 1459 sum...
513 1424 677 1469 ejusdem
696 1425 854 1473 generis.
878 1424 997 1472 Igitur
1017 1426 1089 1459 duo
1111 1431 1195 1459 sunt
1218 1427 1458 1469 Artaxerxes,
1477 1431 1513 1460 et
1534 1425 1645 1471 paulo

270 1491 374 1531 post,
394 1485 520 1520 tertius
532 1486 673 1521 Xerxes
693 1493 757 1521 est.

322 1545 404 1581 CAP.
420 1547 468 1581 II.
494 1547 591 1581 Unus
610 1548 801 1594 Epirotes,
822 1547 1001 1595 Pyrrhus.
1022 1547 1067 1583 Id
1089 1555 1159 1592 est,
1172 1561 1264 1583 unus
1282 1547 1457 1595 inclytus,
1477 1546 1646 1591 illustris,

272 1608 369 1643 inter
389 1608 627 1655 Epirotarum
645 1621 749 1656 reges
761 1637 771 1654 ,
791 1610 854 1657 qui
876 1610 1016 1657 primus
1036 1622 1081 1644 ex
1099 1609 1234 1645 Graecis
1259 1622 1343 1644 cum
1368 1608 1545 1644 Romanis
1565 1609 1646 1643 bel-

270 1670 370 1705 lavit.
403 1670 497 1715 Hic,
526 1671 840 1718 quemadmodum
870 1671 1099 1715 Alexander,
1129 1678 1284 1718 paterno
1316 1682 1451 1717 genere
1478 1670 1525 1704 ab
1550 1670 1647 1704 Her—

271 1732 370 1776 cule,
384 1739 555 1767 materno
575 1732 623 1767 ab
635 1732 795 1777 Achille,
809 1745 846 1767 se
866 1745 942 1767 esse
962 1732 1201 1779 gloriabatur.
1223 1732 1315 1766 Vide
1334 1732 1536 1775 Justinum‚
1555 1732 1648 1766 Pau—

271 1792 430 1837 saniam,
449 1794 673 1828 Strabonem
685 1820 695 1838 ‚
712 1794 941 1841 Polyaenum,
960 1793 1216 1836 Plutarchum,
1241 1799 1308 1827 etc.

323 1854 405 1889 CAP.
420 1855 491 1889 III.
512 1855 733 1889 Demetrius.
754 1854 988 1902 Cognomine
1001 1855 1224 1888 Poliorcetes
1244 1850 1556 1903 (Πολιορκητής),
1577 1865 1649 1900 op-

271 1915 446 1962 pidorum
474 1923 726 1963 expugnator,
745 1917 805 1951 vel
828 1923 870 1950 ut
891 1916 1056 1960 Plautus,
1075 1916 1157 1950 Mn.
1180 1917 1272 1963 glor.
1282 1941 1293 1958 ,
1316 1927 1375 1960 lv,
1395 1928 1435 1961 2,
1457 1915 1526 1960 64,
1547 1915 1649 1949 urbi-

271 1989 406 2025 capus,
433 1977 563 2024 gallice
576 1990 744 2025 preneur
759 1979 806 2012 de
831 1979 949 2012 m'lles.

328 2038 502 2073 Cerauno.
515 2039 597 2073 Hoc
610 2039 696 2074 ideo
707 2045 834 2073 nactus
846 2046 900 2074 est
913 2050 1134 2085 cognomen,
1143 2050 1164 2072 a
1174 2035 1342 2085 κεραυνός
1355 2065 1365 2082 ,
1377 2038 1533 2081 fulmen,
1549 2049 1622 2084 quo
1645 2038 1650 2069 ἲ

272 2100 310 2133 in
333 2099 434 2133 bello
455 2099 559 2146 quasi
579 2099 808 2143 fulminaret,
830 2099 923 2134 sicut
945 2099 1089 2146 Jupiter
1108 2098 1294 2145 κεράιυνιος
1322 2112 1385 2134 seu
1414 2099 1650 2141 fulminator,

270 2159 364 2195 sicut
392 2159 467 2195 duo
488 2159 681 2207 Scipiones
703 2160 768 2207 qui
786 2160 859 2194 duo
870 2159 1040 2205 fulmina
1059 2160 1149 2195 belli
1167 2173 1187 2195 a
1208 2160 1367 2208 Virgilio
1390 2160 1479 2195 dicti
1502 2166 1596 2194 sunt.

705 2299 752 2327 IN
790 2299 1033 2328 AMILCARIS
1067 2299 1227 2328 VITAM.

324 2403 406 2439 Cn.
432 2405 460 2439 Ι.
490 2406 647 2439 Bareas.
674 2403 771 2439 Hinc
795 2404 958 2438 Annibal
981 2405 1117 2438 Bamoe
1146 2402 1242 2438 filius
1270 2416 1289 2438 a
1312 2404 1509 2439 Plutarcho
1535 2416 1650 2439 voca-

273 2472 341 2499 tur.
370 2463 466 2500 Hinc
487 2465 642 2512 passim,
663 2465 702 2499 in
726 2465 852 2509 Livio,
878 2466 1041 2500 Barcina
1055 2464 1196 2511 factio,
1216 2463 1377 2510 familia
1403 2467 1586 2508 Barcina,
1617 2472 1652 2500 et

274 2524 435 2561 Bcircini.
448 2528 594 2561 Bai-cas
608 2540 627 2561 a
641 2538 761 2573 graeco
775 2523 895 2575 ἀρχάς
906 2554 915 2571 ,
926 2527 1112 2574 prinecp5,
1124 2533 1165 2560 ut
1177 2524 1304 2568 βισκός
1316 2539 1384 2573 pro
1398 2516 1486 2576 ἰξὸἓ,
1498 2526 1648 2561 viscum.

328 2588 493 2632 Erycem.
522 2588 605 2622 Non
628 2588 675 2622 de
694 2595 822 2623 monte
846 2589 981 2636 Eryce,
1007 2601 1070 2622 scu
1095 2588 1234 2622 vertice
1250 2588 1407 2631 montis,
1432 2588 1482 2623 ait
1504 2587 1650 2632 Rosius,

277 2648 332 2682 cui
355 2650 530 2695 templum
550 2649 705 2684 Veneris
734 2649 899 2696 Erycinae
922 2648 1179 2684 inaedificatum
1206 2656 1299 2693 crat,
1325 2649 1486 2696 loquitur
1509 2656 1651 2696 noster,
