1859 3310
345 209 417 235 210
691 200 898 235 JOANNIS
928 200 1076 235 HENR.
1107 200 1364 236 SCHLEGEL

341 292 376 326 p.
406 278 499 324 555,
519 288 553 315 ct
574 294 630 325 nt,
653 294 689 329 p.
713 281 804 329 596;
825 284 931 330 plura
956 283 1074 319 adhuc
1100 283 1146 318 de
1168 283 1299 318 iisdem
1318 283 1429 318 refert
1447 283 1659 318 Plutarchus
1677 283 1715 318 in

339 340 415 376 vita
447 341 631 377 Aristidis.
667 343 705 377 Si
739 341 929 379 brevitatis
962 345 1080 391 gratia
1113 357 1154 380 ea
1184 344 1371 391 praeterire
1399 343 1548 379 volebat
1569 344 1716 390 Nepos,

340 402 542 437 omittenda
558 410 680 438 tamen
694 416 771 437 non
789 403 913 439 fuisset
933 417 1065 451 pugnae
1083 405 1339 441 Marathonia?
1351 404 1529 439 memoria
1542 432 1551 449 ,
1565 417 1719 452 praeser-

339 463 404 499 tim
419 476 529 511 quum
548 465 636 499 inde
650 472 843 511 appareat,
862 466 970 501 fuisse
983 467 1184 502 Aristidem
1197 480 1276 502 non
1295 468 1413 502 solum
1425 494 1434 510 ‚
1455 473 1494 501 ut
1515 466 1565 500 ait
1579 467 1718 501 Corne—

339 525 407 560 lius
418 524 516 571 ‚fere
526 527 711 572 oequalem
723 526 980 570 Themistocli,
991 527 1055 562 sed
1074 527 1183 562 etiam
1197 529 1373 575 aequalem
1386 527 1559 562 Miltiadi.
1571 527 1718 562 Certum

340 593 392 621 est
412 599 430 621 e
452 586 648 621 Plutarcho
672 586 826 633 aliisque
845 588 1074 631 auctoribus,
1094 588 1201 623 fuisse
1222 589 1419 624 Aristidem
1439 601 1457 624 e
1477 588 1603 623 decem
1625 600 1720 634 prae-

339 654 462 681 torum
481 659 655 691 numero,
675 648 844 694 quamvis
862 649 1018 684 nomina
1038 661 1166 683 eorum
1187 662 1265 684 non
1283 657 1472 685 recenseat
1493 648 1718 684 Herodotus.

340 707 524 743 Modestia
549 715 584 743 et
606 708 741 743 virtute
765 721 830 744 sua
848 722 926 745 non
950 710 1142 744 minimam
1163 710 1344 745 Aristides
1368 711 1496 745 habuit
1515 717 1660 757 partem
1683 710 1721 743 in

339 767 496 803 victoria
522 768 770 804 Marathonia.

391 830 474 864 VII.
500 830 667 865 Pausan.
688 843 720 875 1,
739 843 760 866 2
777 844 785 865 ;
806 847 820 862 «
837 831 953 877 Hujus
972 832 1256 869 illustrissimum
1274 840 1328 868 est
1345 833 1511 880 praelium
1525 831 1624 878 apud
1642 832 1721 866 Pla-

341 897 436 925 taeas.
454 891 623 938 Namque
646 891 712 926 illo
736 891 829 927 duce
847 892 1068 929 Mardonius
1083 923 1236 930 .......
1263 895 1368 930 haud
1385 895 1436 928 ita
1454 905 1594 941 magna
1612 905 1724 927 mmm

339 951 480 987 Graecia
503 952 647 999 fugatus
667 960 731 988 est.
755 969 770 984 υ

394 1016 571 1049 Accurate
592 1022 782 1050 enumerat
809 1016 1033 1058 Herodotus,
1054 1017 1077 1050 l.
1105 1029 1161 1061 ix,
1181 1028 1216 1064 p.
1242 1015 1333 1064 597,
1353 1015 1554 1051 exercitum
1572 1016 1723 1050 Graeco—

341 1088 439 1120 rum,
459 1076 522 1123 qui
552 1076 599 1110 ad
628 1077 777 1111 Plataeas
815 1089 897 1111 cum
915 1077 1117 1112 Mardonio
1142 1076 1324 1112 conflixit.
1350 1076 1470 1120 Dicit,
1488 1075 1579 1110 levis
1601 1088 1723 1110 arma-

341 1144 429 1172 turae
445 1136 570 1182 38700
582 1164 591 1180 ,
605 1138 735 1172 leviter
749 1138 879 1172 armati
893 1138 989 1173 circa
999 1138 1163 1185 singulos
1178 1139 1379 1186 Spartiatas
1394 1137 1566 1173 collocati
1585 1135 1727 1182 35700,

342 1199 434 1234 levis
453 1205 645 1234 armaturae
663 1199 796 1245 reliqui
818 1197 961 1243 34500;
981 1206 1079 1235 totus
1106 1207 1232 1235 autem
1252 1199 1432 1235 exercitus
1452 1211 1588 1246 graecus
1607 1198 1727 1233 unde-

344 1260 415 1294 cim
442 1259 639 1307 myriadeS,
667 1259 789 1294 minus
809 1260 910 1295 mille
936 1267 972 1295 et
997 1261 1238 1308 octingentis,
1257 1273 1319 1296 seu
1339 1260 1482 1308 potiuS‚
1502 1259 1533 1294 si
1552 1271 1727 1294 numeros

344 1320 546 1367 singulares
578 1320 748 1367 colligaS,
779 1320 928 1369 108900
956 1322 1098 1357 armati.
1121 1322 1221 1357 Talis
1246 1333 1420 1356 numerus
1449 1333 1527 1355 non
1546 1321 1728 1368 appellari

344 1382 439 1416 solet
456 1381 557 1416 haud
573 1380 624 1415 ita
641 1393 814 1428 magnus,
834 1382 899 1417 sed
918 1389 971 1417 est
988 1383 1170 1418 maximus
1182 1411 1191 1427 ‚
1211 1395 1321 1430 quem
1338 1394 1501 1429 unquam
1519 1382 1558 1416 in
1571 1382 1726 1416 historia

344 1454 460 1489 graeca
493 1449 746 1489 computatum
773 1443 912 1490 reperi,
944 1445 1134 1480 exercitus.
1170 1445 1210 1480 Si
1242 1444 1428 1479 Herodoti
1467 1443 1729 1490 amplissimam

345 1503 452 1550 hujus
465 1515 598 1551 pugnae
616 1503 907 1551 descriptionem
919 1506 1184 1553 perpendimus
1195 1534 1204 1550 ‚
1219 1505 1466 1552 judicabimus
1484 1505 1607 1549 facile,
1621 1517 1731 1552 quam

346 1577 477 1613 parum
505 1566 660 1601 victoria
691 1567 920 1614 plataeensis,
956 1580 1034 1615 qua:
1073 1568 1283 1603 universam
1323 1566 1501 1602 Graeciam
1535 1566 1707 1601 liberavit
1721 1593 1731 1605 ,

347 1627 545 1662 tribuenda
567 1628 614 1663 sit
636 1628 822 1664 Pausaniae
847 1629 991 1674 virtuti,
1017 1642 1126 1677 quam
1149 1630 1305 1664 multum
1331 1628 1487 1663 fortunae
1511 1634 1547 1662 et
1571 1627 1731 1662 aliorum

349 1690 563 1724 Graecorum
583 1689 808 1725 fortitudini.

401 1750 507 1785 VIII.
532 1750 672 1786 Cimon.
697 1764 745 1795 11,
777 1764 798 1787 2
825 1765 832 1786 :
854 1768 868 1784 «
894 1752 1076 1796 Primum,
1096 1753 1313 1800 imperator,
1337 1751 1437 1800 apud
1462 1750 1598 1787 flumen
1625 1752 1731 1799 Stry-

352 1824 462 1848 mona
496 1824 648 1860 magnas
684 1814 808 1861 copias
845 1814 1029 1849 Thracum
1063 1813 1203 1861 fugavit
1233 1827 1240 1848 :
1275 1814 1456 1861 oppidum
1489 1812 1734 1860 Amphipolin

351 1873 563 1919 constituit,
594 1887 713 1922 eoque
742 1875 869 1910 decem
900 1875 1017 1912 millia
1044 1875 1323 1911 Atheniensium
1347 1875 1387 1910 in
1412 1875 1599 1910 coloniam
1623 1874 1732 1909 misit.

353 1935 458 1971 Idem
483 1935 617 1972 iterum
635 1936 734 1984 apud
753 1937 927 1983 Ill-scalen
952 1938 1174 1986 Cypriorum
1196 1945 1231 1972 et
1249 1937 1465 1973 Phoenicum
1491 1936 1733 1971 ducentarum

355 1997 506 2032 navium
534 1998 688 2034 classem
721 1998 904 2034 devictam
930 1999 1037 2046 cepit.
1072 2016 1086 2030 ›·
1113 2001 1258 2034 Tenent
1283 1999 1449 2034 eamdem
1474 1998 1688 2041 lectionem,
1715 2009 1734 2032 a

355 2058 485 2102 Bosio,
501 2065 537 2093 et
551 2059 614 2106 qui
635 2072 718 2095 eum
737 2066 958 2106 sequuntur,
982 2067 1168 2107 receptam
1180 2088 1189 2104 ,
1209 2073 1337 2095 omnes
1356 2060 1518 2104 codices,
1541 2058 1612 2093 nisi
1631 2057 1733 2105 quod

356 2119 428 2154 levi
465 2120 670 2156 mutatione
696 2121 880 2164 nominis,
914 2122 1132 2156 Thottianus
1162 2122 1275 2156 habet
1306 2121 1517 2163 M'clmlen,
1550 2127 1585 2156 et
1619 2119 1735 2154 editio

356 2180 530 2228 princeps
548 2182 766 2227 mychalem.

410 2244 492 2277 Jam
521 2243 561 2277 in
587 2256 632 2279 eo
667 2256 745 2278 non
770 2244 855 2279 satis
874 2243 1090 2291 perspicuus
1111 2244 1178 2279 fuit
1204 2243 1414 2287 Cornelius,
1434 2242 1535 2290 quod
1560 2254 1638 2277 non
1657 2254 1732 2277 no-

359 2303 450 2337 tavit
474 2310 634 2350 tempus,
664 2317 738 2351 quo
762 2305 893 2340 Cimon
914 2312 998 2352 post
1020 2306 1133 2353 patris
1157 2313 1316 2341 mortem
1341 2304 1506 2340 custodia
1527 2304 1734 2346 tenebatur,

359 2371 395 2398 et
422 2376 495 2411 quo
523 2365 674 2400 tandem
700 2366 877 2401 liberatus
904 2367 951 2401 ad
971 2379 1047 2402 rem
1065 2367 1251 2414 publicam
1269 2365 1450 2414 pervenit.
1475 2364 1640 2400 Cimonis
1661 2364 1737 2409 jam

361 2437 532 2472 magnam
557 2426 665 2462 fuisse
692 2427 789 2474 apud
809 2428 1050 2464 Athenienses
1073 2428 1328 2464 auctoritatem
1350 2434 1433 2462 ante
1452 2438 1616 2474 pugnam
1637 2425 1738 2460 Sala-

363 2486 531 2530 miniam,
558 2488 730 2524 discimus
757 2501 776 2524 e
803 2489 1011 2524 Plutarcho.
1041 2490 1076 2524 Is
1103 2489 1201 2524 enim
1228 2489 1357 2531 tradit,
1381 2488 1477 2522 illius
1504 2486 1737 2534 potissimum

367 2548 536 2594 exemplo
563 2549 796 2595 praevaluisse
827 2550 1022 2585 consilium
1048 2550 1327 2592 Themistoclis,
1347 2549 1570 2583 Athenarum
1590 2548 1738 2590 urbem,

364 2609 686 2657 appropinquante
710 2612 853 2656 Xerxe,
878 2612 1132 2660 relinquendi,
1151 2619 1186 2647 et
1210 2610 1436 2647 defendendi
1459 2609 1616 2657 patriam
1643 2621 1739 2644 moe-
