1859 3310
377 250 620 265 ‘Wlssmffim
623 245 1427 263 1ιὶ-ὶὶΊ-ῚιΣΣἉἘἏὨΜΜΜΣἜΣἜὈἜἜὯἋἏἋΜἮἜΊΣΣῈὈ
1430 247 1550 259 ἱἉἏὶἏ
1553 246 1624 260 tfflw
1628 247 1667 264 ’ν
1670 248 1727 261 m

993 442 1098 485 XII.

796 656 1308 727 CHABRIAS.

373 1081 659 1176 Caunum,
695 1121 982 1164 Atheniensis.
1011 1122 1092 1163 Hic
1124 1137 1296 1180 quoque
1328 1122 1371 1163 in
1406 1120 1582 1163 summis
1612 1119 1734 1162 habi-

372 1207 439 1242 tus
470 1209 532 1243 est
560 1200 762 1254 ducibus,
790 1216 941 1259 resque
972 1198 1128 1242 multas
1162 1200 1371 1243 memoria
1407 1199 1558 1260 dignas
1591 1198 1732 1259 gessit.

372 1278 453 1321 Sed
476 1295 527 1321 ex
545 1279 611 1321 his
633 1278 770 1322 elucet
789 1278 972 1321 maxime
996 1279 1221 1321 inventum
1244 1279 1335 1338 ejus
1352 1279 1395 1321 in
1418 1277 1596 1338 proelio,
1617 1277 1734 1338 quod

370 1356 487 1416 apud
504 1357 670 1400 Thebas
689 1357 809 1412 fecit,
830 1373 963 1416 quum
979 1358 1153 1400 Boeotiis
1173 1357 1362 1401 subsidio
1381 1358 1567 1400 venisset
1583 1373 1592 1399 z
1613 1372 1735 1400 nam-

370 1452 453 1495 que
480 1436 526 1478 in
553 1452 623 1490 eo,
653 1437 830 1479 victoria
852 1435 1011 1479 fidente
1039 1453 1207 1480 summo
1234 1437 1342 1480 duce
1367 1435 1584 1497 Agesilao,
1611 1437 1734 1497 fuga-

370 1515 423 1557 tis
442 1515 531 1575 jam
557 1515 609 1559 ab
637 1531 688 1559 eo
711 1515 988 1560 conductitiis
1011 1516 1214 1571 catervis,
1240 1514 1450 1576 reliquam
1476 1515 1736 1576 phalangem

369 1593 464 1638 loco
493 1595 630 1638 vetuit
659 1594 830 1650 cedere,
860 1595 1104 1655 obnixoque
1139 1612 1252 1656 genu
1283 1605 1424 1650 scuto,
1459 1596 1736 1657 projectaque

368 1674 492 1717 hasta
514 1675 724 1735 impeturn
747 1675 944 1734 excipere
967 1675 1156 1718 hostium
1180 1675 1340 1718 docuit.
1368 1674 1418 1718 Id
1437 1691 1597 1718 novum
1621 1677 1735 1735 Age-

369 1752 497 1796 silaus
529 1762 765 1809 contuens⁷
799 1753 1002 1815 progredi
1036 1771 1125 1797 non
1159 1763 1220 1798 est
1256 1770 1402 1809 ausus,
1433 1770 1617 1814 suosque
1645 1754 1732 1814 jam

367 1833 638 1875 incurrentes
676 1832 779 1875 tuba
813 1833 1043 1877 revocavit.
1073 1836 1166 1876 Hoc
1195 1849 1331 1892 usque
1362 1849 1411 1876 eo
1445 1842 1534 1876 tota
1567 1834 1733 1878 Graecia

365 1910 480 1954 fama
499 1909 765 1955 celebratum
788 1921 874 1964 est,
899 1921 947 1954 ut
969 1911 1043 1955 illo
1069 1922 1184 1955 statu
1208 1912 1418 1956 Chabrias
1441 1912 1519 1956 sibi
1548 1921 1730 1956 statuam

365 1989 460 2032 fieri
485 1988 700 2045 voluerit,
727 2007 820 2050 quae
849 1990 1019 2051 publice
1048 1992 1087 2035 ei
1117 1992 1169 2035 ab
1195 1992 1531 2036 Atheniensibus
1564 1993 1607 2034 in
1639 1991 1733 2035 foro

364 2069 601 2112 constituta
620 2079 696 2112 est.
714 2072 779 2113 Ex
800 2087 886 2130 quo
906 2070 1065 2114 factum
1084 2081 1164 2127 est,
1183 2081 1231 2115 ut
1252 2081 1398 2132 postea
1417 2070 1604 2126 athletae,
1621 2079 1737 2115 cete-

364 2149 488 2208 rique
515 2147 720 2204 artifices‚
753 2149 819 2193 his
850 2151 1030 2194 statibus
1064 2151 1108 2193 in
1136 2152 1288 2195 statuis
1319 2150 1531 2211 ponendis
1559 2161 1731 2194 uteren-

367 2237 456 2282 tur,
479 2229 523 2270 in
551 2229 707 2288 quibus
730 2230 956 2273 victoriam
977 2240 1117 2274 essent
1138 2230 1296 2291 adepti.

428 2308 484 2351 Π.
520 2309 729 2353 Chabrias
758 2319 901 2353 autem
932 2309 1068 2354 multa
1099 2311 1143 2353 in
1175 2312 1352 2370 Europa
1381 2309 1491 2354 bella
1524 2310 1729 2353 adminis-

365 2389 518 2444 travit⁷
551 2405 686 2449 quum
721 2389 807 2433 dux
838 2390 1165 2434 Atheniensium
1197 2399 1332 2442 esset3
1367 2391 1409 2433 in
1444 2391 1628 2450 AEgypto
1656 2405 1730 2432 sua

364 2477 520 2527 sponte
560 2470 688 2530 gessit
714 2486 723 2512 ε
748 2486 848 2512 nam
875 2469 1144 2513 Nectanabin
1177 2469 1373 2530 adjutum
1398 2469 1640 2529 profectus,
1665 2485 1730 2511 re-

365 2565 499 2609 gnum
533 2549 571 2592 ei
607 2549 844 2592 constituit.
871 2549 989 2592 Fecit
1023 2548 1136 2592 idem
1172 2549 1336 2609 Cypri,
1363 2546 1436 2591 sed
1472 2546 1643 2608 publice
1676 2548 1729 2590 ab

366 2627 698 2672 Atheniensibus
721 2630 928 2688 Evagorae
953 2627 1124 2688 adjutor
1151 2627 1298 2671 datus:
1326 2643 1465 2688 neque
1485 2628 1605 2687 prius
1629 2626 1729 2671 inde
