1859 3310
329 225 350 258 6
773 216 1002 251 CORNELII
1028 214 1233 249 NEPOTIS

381 302 454 342 IV.
480 301 639 343 Darius
667 309 831 354 autem,
856 315 990 357 quum
1015 315 1064 340 ex
1089 300 1263 356 Europa
1288 297 1329 338 in
1360 296 1501 339 Asiam
1526 295 1677 339 rediis-

317 388 398 434 set,
424 379 700 422 hortantibus
729 379 902 432 amicis,
928 386 975 419 ut
1000 378 1215 419 Graeciam
1243 375 1457 436 redigeret
1485 377 1527 418 in
1557 391 1676 435 suam

319 467 598 516 potestatem,
621 457 801 499 classem
819 457 1156 515 quingentarum
1186 456 1361 498 navium
1383 454 1652 514 comparavit
1667 487 1677 507 ,

316 538 441 595 cique
472 537 618 579 Datim
650 535 840 594 praefecit
871 544 914 577 et
945 534 1290 593 Artaphernem,
1318 535 1470 594 bisque
1492 534 1679 577 ducenta

318 615 536 674 peditum,
565 614 712 656 decem
739 612 873 656 millia
901 614 1098 673 equitum
1129 612 1247 656 dedit
1269 631 1277 656 :
1303 630 1474 657 causam
1500 614 1679 656 interse-

316 710 436 748 rens,
469 710 511 735 se
539 693 708 735 hostem
737 708 828 735 esse
853 692 1208 749 Atheniensibus,
1237 692 1353 752 quod
1379 709 1529 735 eorum
1560 693 1681 736 auxi-

317 774 373 816 lio
408 776 534 816 Iones
568 771 738 815 Sardeis
771 782 1111 833 expugnassent,
1138 789 1300 832 suaque
1323 772 1517 832 praesidia
1552 774 1680 814 inter-

317 852 530 895 fecissent.
555 850 623 894 Illi
647 851 839 911 praefecti
860 852 988 911 regii,
1011 851 1146 895 classe
1168 852 1223 895 ad
1246 851 1455 894 Euboeam
1479 850 1679 909 appulsa,

316 931 512 974 celeriter
533 931 749 975 Eretriam
775 941 1007 992 ceperunt,
1031 947 1268 990 omnesque
1293 931 1384 990 ejus
1408 930 1546 990 gentis
1570 929 1682 971 cives

316 1011 519 1070 abreptos
547 1011 591 1053 in
614 1012 761 1054 Asiam
785 1010 839 1054 ad
863 1027 1008 1071 regem
1037 1011 1261 1053 miserunt.
1290 1009 1398 1053 Inde
1419 1008 1471 1052 ad
1493 1008 1681 1051 Atticam

317 1100 609 1146 accesserunt,
642 1107 691 1133 ac
723 1107 820 1133 suas
845 1091 992 1150 copias
1025 1091 1069 1133 in
1092 1106 1294 1149 campum
1326 1089 1587 1132 Marathona
1611 1087 1684 1130 de-

317 1169 549 1213 duxerunt.
574 1172 616 1213 Is
638 1170 760 1213 abest
782 1170 835 1213 ab
856 1169 1019 1230 oppido
1042 1170 1215 1212 circiter
1228 1167 1363 1212 millia
1386 1180 1592 1228 passuum
1614 1166 1686 1209 de-

318 1266 426 1293 cem.
457 1252 552 1292 Hoc
575 1248 767 1293 tumultu
793 1250 1078 1293 Athenienses
1101 1259 1190 1292 tam
1218 1249 1486 1308 propinquo,
1510 1257 1685 1305 tamque

322 1346 480 1389 magno
509 1330 716 1389 permoti,
747 1328 958 1372 auxilium
987 1344 1223 1387 nusquam,
1253 1328 1335 1370 nisi
1363 1343 1387 1369 a
1416 1326 1685 1370 Lacedaemo-

321 1410 421 1465 niis,
444 1409 715 1468 petiverunt;
733 1407 1139 1468 Philippidemque,
1161 1423 1383 1450 cursorem
1406 1407 1498 1466 ejus
1518 1406 1685 1466 generis

320 1489 395 1548 qui
429 1487 763 1531 Hemerodromi
798 1498 1032 1541 vocantur,
1060 1486 1415 1530 Lacedaemonem
1452 1485 1686 1540 miserunt,

320 1577 367 1610 ut
390 1569 634 1621 nuntiaret,
657 1584 787 1627 quam
816 1566 945 1610 celeri
972 1583 1081 1626 opus
1111 1575 1222 1609 esset
1244 1565 1420 1609 auxilio.
1450 1565 1584 1608 Domi
1616 1581 1690 1607 au-

318 1658 407 1691 tem
428 1657 578 1690 creant
601 1647 750 1690 decem
773 1656 1002 1706 praetores,
1026 1646 1100 1705 qui
1124 1645 1332 1688 exercitui
1364 1653 1615 1704 praeessent3
1645 1644 1688 1686 in

320 1729 380 1771 eis
402 1726 649 1771 Miltiadem
674 1744 682 1770 :
707 1727 821 1770 inter
844 1743 952 1786 quos
976 1742 1132 1786 magna
1160 1725 1243 1768 fuit
1269 1724 1515 1778 contentio,
1537 1733 1686 1766 utrum

321 1807 536 1850 moenibus
581 1823 624 1851 se
665 1806 969 1861 defenderent,
1006 1822 1062 1848 an
1096 1805 1271 1848 obviam
1314 1804 1428 1846 irent
1464 1802 1689 1856 hostibus,

319 1888 497 1946 acieque
519 1886 815 1930 decernerent.
835 1887 961 1930 Unus
987 1884 1207 1929 Miltiades
1229 1884 1416 1927 maxime
1446 1883 1690 1935 nitebatur,

321 1976 369 2010 ut
393 1968 536 2026 primo
566 1961 740 2026 quoque
768 1976 966 2026 tempore
998 1975 1137 2009 castra
1166 1964 1321 2008 fierent
1345 1981 1353 2006 :
1385 1964 1428 2006 id
1459 1964 1493 2007 si
1525 1962 1688 2006 factum

321 2056 454 2103 esset,
474 2056 518 2090 et
537 2047 705 2089 civibus
724 2047 919 2089 animum
942 2061 1237 2100 accessurum,
1259 2060 1395 2103 quum
1417 2043 1615 2085 viderent
1638 2041 1690 2084 de

321 2143 473 2170 eorum
512 2127 676 2169 virtute
714 2143 800 2169 non
837 2126 1076 2186 desperari,
1102 2134 1146 2168 et
1170 2125 1319 2168 hostes
1344 2122 1494 2167 eadem
1523 2138 1569 2165 re
1600 2121 1691 2164 fore

326 2206 554 2262 tardiores,
586 2207 620 2250 si
649 2205 1071 2259 animadverterent,
1101 2203 1248 2247 auderi
1280 2203 1486 2246 adversus
1523 2217 1566 2245 se
1604 2210 1690 2243 tam

325 2287 491 2345 exiguis
518 2287 654 2346 copiis
678 2286 899 2329 dimicare.

387 2368 441 2408 V.
458 2368 554 2409 'Hoc
573 2368 615 2409 in
636 2376 832 2426 tempore
854 2364 972 2408 nulla
997 2366 1147 2407 civitas
1172 2361 1508 2407 Atheniensibus
1531 2359 1692 2403 auxilio

325 2444 424 2499 fuit,
448 2454 603 2504 praeter
626 2443 928 2489 Plataeensium
959 2462 967 2487 z
994 2461 1040 2487 ea
1074 2442 1192 2486 mille
1219 2443 1337 2485 misit
1371 2440 1572 2484 militum.
1605 2441 1691 2482 Ita-

325 2539 408 2582 que
432 2524 588 2567 horum
620 2525 808 2568 adventu
835 2525 981 2568 decem
1016 2523 1148 2566 millia
1182 2531 1449 2565 armatorum
1479 2517 1691 2577 completa

328 2614 451 2652 sunt;
482 2620 576 2662 quae
610 2621 762 2647 manus
791 2604 976 2647 mirabili
1017 2603 1223 2662 flagrabat
1269 2599 1488 2659 pugnandi
1522 2597 1690 2657 cupidi-
