1859 3310
638 208 1056 260 OBSERVATIONES
1463 225 1535 259 πως)

162 287 350 323 niensibus
375 289 693 332 distributionem,
713 290 777 324 sed
797 302 841 324 ex
867 290 1020 336 pecunia
1039 291 1189 325 classem
1210 293 1445 328 ducentarum
1467 308 1535 330 na—

160 348 260 383 vium
283 349 331 384 ad
349 350 592 398 AEgc‘netc'cum
611 350 749 384 bellum
767 362 982 397 comparare
1005 351 1127 386 suasit.
1160 353 1241 386 Hoc
1265 353 1363 387 enim
1394 355 1532 390 bellum

159 410 307 445 Graeciae
325 411 478 446 salutem
497 410 636 454 attulit,
651 422 786 457 cogens
799 412 940 446 Atticos
963 412 1130 447 nauticos
1148 411 1239 447 fieri.
1258 429 1272 443 »
1293 414 1533 450 Occasionem

158 469 249 505 belli
271 471 453 519 aeginetici
481 471 606 518 prodit
627 472 858 516 Herodotus,
887 473 909 507 l.
929 485 974 517 v,
996 486 1031 520 p.
1058 472 1128 508 361
1143 501 1153 518 ,
1179 481 1214 509 ct
1237 482 1363 522 aperta
1382 487 1440 510 res
1462 484 1535 522 est,

158 532 288 567 cadere
314 545 356 567 ea
378 532 417 567 in
436 532 573 567 bellum
602 532 852 579 aegineticum,
876 546 954 580 quae
985 534 1199 580 Cornelius,
1223 535 1345 571 minus
1370 545 1534 573 accurate

156 592 347 627 historiam
376 593 523 628 Graeciae
556 593 747 640 antiquam
776 602 925 639 tenens,
952 595 998 630 de
1023 597 1215 644 Corcyraeo
1240 597 1345 632 dixit.
1366 599 1429 642 At,
1452 611 1533 634 res-

154 653 338 699 pondebit
351 654 500 701 aliquis,
514 654 668 690 fortasse
689 655 819 700 etiam,
837 656 987 692 vivente
1005 657 1274 703 Themistocle,
1293 671 1374 693 cum
1396 660 1533 709 Corcy-

153 714 232 748 raeis
252 714 392 749 bellum
403 723 593 762 gesserunt
607 717 872 752 Athenienses?
891 718 992 764 quod
1012 719 1166 753 nescivit
1185 719 1416 765 Herodotus,
1433 721 1534 767 cujus

152 786 242 809 vero
259 776 477 812 memoriam
497 778 638 825 Nepos,
652 778 733 813 aliis
752 778 862 814 bonis
881 780 1094 815 auctoribus
1108 793 1208 825 usus,
1229 783 1472 817 conservavit.
1488 784 1533 817 Id

151 835 308 871 omnino
327 849 406 872 non
424 838 631 884 probabile.
652 840 894 875 Athenienses
913 840 952 875 in
972 853 1017 876 eo
1037 841 1185 876 demum
1206 842 1410 887 decennio,
1430 845 1532 891 quod

149 909 170 932 a
198 910 323 945 pugna
342 899 583 947 ¹Marathonia
607 900 655 935 ad
676 901 914 936 Salaminiam
935 901 1095 947 effluxit,
1119 916 1272 950 operam
1295 905 1383 939 dare
1405 917 1530 953 coepe—

149 965 236 993 runt
261 959 316 994 rei
341 960 482 1005 navali,
508 961 742 996 occasionem
764 963 921 1009 praebuit
952 964 1090 998 bellum
1118 964 1361 1011 aegineticum.
1382 967 1532 1002 Nullum

148 1021 332 1068 reperitur
361 1021 574 1069 vestigium,
600 1022 673 1057 hoc
703 1023 785 1070 ipso
819 1023 1002 1059 decennio
1038 1025 1284 1060 Athenienses
1317 1026 1364 1060 ad
1391 1033 1531 1062 tantam

147 1082 359 1128 pervenisse
378 1083 602 1130 potentiam,
621 1090 660 1118 ut
677 1085 889 1131 Corcyraeos
915 1085 1163 1129 debellarent,
1184 1093 1265 1121 toto
1284 1086 1361 1122 fere
1380 1089 1530 1123 Graeciae

147 1143 288 1178 ambitu
313 1144 360 1178 ab
383 1144 471 1191 ipsis
499 1145 675 1180 distantes
699 1152 733 1180 et
748 1145 824 1191 jam
857 1146 997 1181 dudum
1015 1147 1108 1181 mari
1129 1154 1311 1194 potentes
1332 1148 1529 1197 Efflagita-

145 1211 231 1239 runt
243 1205 490 1241 Athenienses
503 1206 571 1241 hac
584 1206 662 1254 ipsa
674 1213 778 1242 aetate
788 1210 808 1242 a
822 1207 1022 1255 Corcyraeis
1042 1208 1218 1244 auxilium
1227 1236 1236 1254 ,
1257 1222 1371 1257 quum
1384 1212 1530 1248 Xerxes

145 1265 341 1301 transitum
362 1267 402 1301 in
424 1267 604 1303 Graeciam
622 1275 786 1315 pararet,
807 1275 899 1304 teste
917 1269 1134 1315 Herodoto,
1158 1283 1233 1314 vn,
1256 1283 1293 1318 p.
1318 1271 1404 1319 489.
1424 1273 1528 1308 Con—

143 1326 227 1362 fessi
255 1335 341 1363 sunt
366 1335 452 1376 post
477 1329 516 1364 id
535 1336 679 1377 tempus
705 1330 907 1378 Corcyraei,
927 1343 1039 1377 quum
1062 1330 1101 1366 in
1124 1331 1225 1367 bello
1250 1333 1426 1368 adversus
1451 1335 1527 1370 Co—

143 1387 302 1424 rinthios
322 1397 492 1437 suscepto
511 1403 622 1438 opem
640 1397 809 1438 peterent
828 1392 876 1426 ab
895 1391 1202 1437 Atheniensibus,
1222 1406 1260 1428 se
1278 1393 1322 1429 iis
1341 1394 1529 1443 hucusque

143 1461 213 1485 nec
232 1450 353 1486 socios
375 1451 485 1487 fuisse
502 1464 571 1487 nec
592 1452 780 1497 inimicos,
799 1452 837 1487 in
857 1453 1027 1489 oratione
1049 1467 1129 1501 quae
1148 1454 1283 1501 legitur
1301 1455 1401 1503 apud
1419 1457 1527 1492 Thu-

144 1506 333 1558 cydidem,
360 1512 383 1547 l.
409 1525 443 1558 1,
468 1525 497 1548 c.
527 1513 587 1548 32.
611 1514 749 1549 Asserit
774 1513 935 1561 denique
964 1515 1218 1562 Thucydides,
1237 1516 1525 1553 Themistoclem

144 1574 325 1618 exsulem,
347 1587 389 1610 ea
413 1574 647 1622 potissimum
672 1587 716 1611 ex
744 1588 850 1611 causa
873 1576 1082 1623 confugisse
1107 1577 1154 1612 ad
1175 1578 1405 1626 Corcyraeos,
1425 1580 1528 1626 quod

142 1634 238 1670 bene
258 1635 448 1683 quondam
468 1636 514 1671 de
533 1635 584 1672 eis
603 1636 797 1681 meruerit,
816 1637 839 1671 l.
861 1650 897 1681 1,
915 1649 944 1672 c.
971 1637 1054 1672 136.
1075 1639 1205 1685 Itaque
1226 1651 1305 1674 non
1313 1638 1435 1687 fi'egit
1452 1652 1525 1675 eos.

193 1696 255 1731 Ad
277 1697 448 1732 eumdem
471 1697 729 1745 Thucydidem
753 1705 933 1745 provocat
955 1698 1033 1745 ipse
1058 1699 1252 1734 Cornelius
1274 1700 1313 1734 in
1329 1700 1406 1734 vita
1424 1701 1526 1736 The-

140 1758 337 1803 mistoclis,
357 1771 438 1807 cap.
458 1771 519 1804 1x;
539 1766 684 1804 tamen,
706 1772 785 1807 cap.
807 1772 906 1805 v111,
925 1759 1037 1807 longe
1056 1760 1104 1795 ab
1123 1760 1200 1807 ejus
1217 1761 1432 1797 narratione
1453 1762 1527 1797 dis-

141 1820 252 1865 cedit,
271 1823 290 1865 §
312 1820 332 1855 3
355 1834 363 1855 :
388 1837 403 1852 (ι
423 1820 477 1856 Ad
500 1820 714 1866 Admetum,
734 1822 987 1856 Molossorum
1007 1833 1150 1869 regem,
1176 1835 1259 1857 cum
1278 1835 1352 1870 quo
1375 1823 1409 1858 ei
1433 1824 1524 1858 hos—

138 1882 274 1930 pitium
292 1883 427 1927 fuerat,
447 1882 623 1930 confugit.
643 1898 658 1914 »
674 1885 719 1918 At
737 1883 973 1930 Thucydides
987 1910 997 1928 ,
1022 1884 1108 1918 loco
1128 1897 1247 1930 nuper
1269 1885 1400 1929 citato,
1426 1897 1525 1920 asse-

137 1944 207 1989 rit,
234 1944 432 1980 Admetum
456 1956 535 1979 non
557 1944 668 1979 fuisse
693 1944 939 1979 Themistocli
965 1944 1120 1979 amicum
1129 1958 1139 1989 3
1162 1945 1291 1992 idque,
1318 1946 1421 1993 quod
1445 1946 1523 1993 ipsa

136 2018 195 2041 res
221 2006 346 2050 docet,
368 2006 486 2040 multo
505 2005 750 2052 probabilius.
771 2006 809 2041 Si
829 2006 929 2041 enim
947 2006 1029 2052 jure
1048 2007 1200 2053 hospitii
1225 2019 1307 2042 cum
1328 2019 1374 2042 eo
1399 2008 1525 2043 fuisset

137 2067 376 2114 conjunctus,
403 2079 482 2101 non
505 2073 603 2102 certe
615 2067 747 2114 filiam
771 2067 920 2102 Admeti
944 2069 1138 2115 parvulam
1166 2068 1398 2115 arripuisset,
1424 2075 1460 2104 et
1487 2081 1524 2104 se

136 2141 219 2164 cum
243 2142 286 2165 ea
310 2129 350 2164 in
376 2128 596 2173 sacrarium,
623 2129 725 2176 quod
752 2141 894 2164 summa
920 2130 1113 2165 colebatur
1137 2129 1371 2175 caerimonia,
1391 2130 1522 2177 conje—

136 2190 253 2226 cisset.
268 2190 329 2225 Ait
350 2197 478 2225 contra
498 2202 541 2225 ea
553 2191 806 2238 Thucydides,
827 2191 987 2226 consilio
1006 2191 1134 2226 uxoris
1147 2191 1314 2236 Admeti,
1334 2198 1521 2239 arreptum

134 2252 244 2287 fuisse
263 2264 284 2287 a
301 2252 550 2287 Themistocle
569 2250 687 2286 filium
707 2252 802 2298 ejus,
822 2252 1067 2299 eumdemque
1090 2253 1295 2300 supplicem
1313 2253 1463 2300 petiisse
1486 2259 1522 2287 et

134 2313 350 2361 impetrasse
369 2313 417 2348 ab
435 2313 594 2348 Admeto
615 2312 779 2360 pristinae
799 2313 1019 2348 offensionis
1039 2313 1197 2348 veniam.

185 2375 252 2410 VI.
290 2374 390 2409 Dicit
422 2373 633 2418 Cornelius,
661 2373 869 2409 interfuisse
897 2375 1101 2409 Aristidem
1131 2386 1264 2421 pugnae
1291 2373 1519 2418 Salaminiae;

133 2436 243 2472 fuisse
263 2436 374 2472 etiam
392 2442 591 2483 praetorem
609 2435 895 2470 Atheniensium
914 2436 1014 2483 apud
1033 2437 1201 2480 Plataeas3
1220 2447 1397 2482 pergens,
1416 2447 1445 2470 c.
1466 2447 1519 2478 11,

135 2510 155 2532 2
177 2511 185 2533 ε
208 2499 338 2546 Neque
359 2498 467 2532 aliud
483 2505 539 2532 est
557 2499 672 2532 ullum
694 2497 800 2544 hujus
823 2497 862 2532 in
891 2510 929 2532 re
954 2497 1105 2532 militari
1126 2498 1268 2532 illustre
1293 2497 1440 2532 factum.

183 2560 321 2595 Notatu
345 2558 561 2606 dignissima
586 2566 690 2603 sunt,
719 2572 798 2606 quae
828 2559 1043 2594 Herodotus
1061 2558 1251 2593 memoriae
1276 2558 1445 2605 prodidit
1469 2558 1516 2593 de

133 2621 243 2656 rebus
257 2622 304 2656 ab
317 2621 496 2666 Aristide,
509 2628 545 2656 et
558 2621 657 2668 apud
671 2621 854 2656 Salamina
868 2648 877 2664 ,
897 2629 932 2656 et
950 2621 1048 2668 apud
1067 2622 1219 2656 Plataeas
1237 2620 1348 2667 gestis
1359 2648 1368 2665 ,
1386 2621 1409 2655 l.
1423 2633 1514 2665 viu,

1271 2685 1322 2733 Ili
