1859 3310
368 241 415 288 96
817 246 1045 280 CORNELII
1076 244 1282 279 NEPOTIS

371 345 479 388 pem.
504 331 629 372 Hunc
644 328 786 373 locum
812 333 952 372 tenuit
975 329 1173 372 amicitiae
1190 327 1303 387 apud
1327 327 1577 388 Philippum
1595 344 1734 370 annos

371 416 547 467 septem.
571 407 652 451 lllo
681 408 928 462 interfecto,
956 407 1108 450 eodem
1135 408 1271 467 gradu
1300 407 1377 450 suit
1405 406 1519 466 apud
1545 406 1733 451 Alexan—

369 486 495 528 drum
520 503 655 529 annos
679 486 899 529 tredecim.
920 487 1169 530 Novissimo
1194 497 1388 546 tempore
1406 485 1578 545 praefuit
1600 486 1732 528 etiam

367 563 489 607 alteri
514 566 707 624 equitnm
731 563 826 619 alae,
849 581 943 623 quae
967 565 1177 607 Hetaerice
1205 564 1518 625 appellabatur.
1544 563 1732 624 Utrique

367 652 511 685 autem
543 643 585 685 in
614 641 794 685 consilio
822 659 991 702 semper
1013 642 1162 699 affuit,
1191 653 1233 686 et
1264 644 1459 687 omnium
1483 659 1629 686 rerum
1655 642 1731 685 ha-

365 720 482 763 bitus
506 731 569 764 est
593 722 820 781 particeps.

426 803 481 843 II.
506 799 752 844 Alexandro
777 800 992 860 Babylone
1025 812 1222 856 mortuo,
1253 817 1387 860 quum
1418 817 1550 861 regna
1580 802 1731 861 singu-

366 878 416 922 lis
441 879 725 923 familiaribus
752 879 1104 939 dispertirentur,
1127 890 1170 923 et
1193 895 1361 923 summa
1392 895 1538 922 rerum
1571 879 1729 922 tradita

365 968 474 1001 esset
492 958 651 1001 tuenda
664 958 803 1001 eidem
824 960 893 1001 cui
913 958 1153 1002 Alexander
1166 958 1354 1001 moriens
1371 956 1582 1000 annulum
1603 974 1729 1001 suum

364 1037 540 1080 dederat
565 1037 802 1092 Perdiccae,
837 1054 888 1080 ex
920 1054 1005 1097 quo
1039 1054 1188 1081 omnes
1223 1037 1501 1096 conjecerant
1531 1053 1629 1079 eum
1661 1053 1729 1080 re-

364 1132 497 1176 gnum
529 1117 564 1159 ei
602 1116 924 1160 commendasse
956 1116 1099 1176 quoad
1124 1115 1248 1159 liberi
1275 1117 1365 1176 ejus
1392 1116 1435 1158 in
1465 1131 1586 1158 suam
1616 1125 1731 1161 tute-

364 1195 448 1237 lam
473 1196 767 1255 pervenissent
795 1196 999 1257 (aberant
1029 1197 1143 1239 enim
1171 1197 1378 1239 Craterus
1406 1204 1449 1238 et
1474 1195 1728 1254 Antipater,

362 1275 436 1334 qui
460 1274 714 1317 antecedere
742 1276 857 1318 1111110
881 1275 1165 1330 videbantur3
1194 1284 1392 1317 mortuus
1422 1284 1513 1317 erat
1544 1273 1729 1333 Hephae-

362 1353 458 1408 stio,
478 1370 606 1412 quem
633 1369 769 1396 unum
788 1353 1048 1409 Alexander,
1072 1353 1188 1413 quod
1209 1352 1332 1395 facile
1355 1351 1536 1413 intelligi
1562 1362 1726 1412 posset,

360 1430 536 1491 plurimi
560 1432 767 1492 fecerat),
794 1434 878 1476 1100
906 1443 1101 1492 tempore
1127 1432 1227 1475 data
1252 1441 1316 1475 est
1344 1431 1528 1474 Eumeni
1553 1433 1727 1491 Cappa-

361 1511 502 1567 docia,
533 1512 620 1554 sive
643 1512 786 1571 potius
811 1511 954 1566 dicta3
976 1528 1075 1554 nam
1109 1521 1201 1554 tum
1234 1512 1277 1553 in
1306 1511 1497 1553 hostium
1528 1519 1619 1553 erat
1648 1527 1726 1571 po-

359 1600 524 1634 testate.
551 1594 678 1633 Hunc
709 1591 788 1634 sibi
814 1590 1043 1633 Perdiccas
1076 1590 1334 1649 adjunxerat
1366 1605 1525 1649 magno
1554 1589 1722 1646 studio,

357 1670 473 1729 quod
504 1671 548 1713 in
574 1670 752 1713 homine
782 1669 911 1713 fidem
938 1679 979 1712 et
1004 1668 1260 1712 industriam
1290 1684 1491 1729 magnam
1520 1668 1724 1723 videbat3

355 1766 443 1792 non
471 1750 695 1804 dubitans,
725 1750 757 1792 si
790 1765 889 1791 eum
916 1747 1185 1809 pellexisset,
1216 1764 1375 1808 magno
1399 1747 1495 1790 usui
1525 1747 1616 1791 fore
1644 1748 1724 1791 sibi

356 1829 399 1870 in
425 1829 491 1871 his
515 1828 642 1871 rebus
665 1844 771 1887 quas
795 1828 1044 1887 apparabat.
1075 1827 1307 1887 Cogitabat
1330 1827 1444 1869 enim
1461 1862 1472 1882 ,
1497 1826 1614 1886 quod
1636 1827 1725 1870 fere

355 1924 502 1950 omnes
526 1908 570 1950 in
589 1908 755 1968 magnis
776 1907 968 1966 imperiis
992 1906 1333 1967 concupiscunt,
1361 1907 1556 1949 onmium
1580 1916 1723 1966 partes

354 1987 572 2046 corripere
612 1996 742 2046 atque
776 1985 1021 2046 complecti.
1060 1988 1214 2045 Neque
1250 2002 1351 2029 vero
1384 1986 1467 2028 hoc
1502 1984 1574 2027 ille
1607 1984 1722 2028 solus

352 2064 481 2120 fecit,
516 2066 589 2108 sed
623 2067 753 2108 ceteri
786 2082 959 2125 quoque
996 2082 1146 2108 omnes
1180 2066 1253 2124 qui
1287 2064 1519 2108 Alexandri
1550 2064 1723 2108 fuerant

353 2145 493 2188 amici.
514 2145 687 2188 Primus
713 2132 965 2187 Leonnatus
979 2145 1283 2188 Macedoniam
1304 2160 1606 2204 praeoccupare
1626 2144 1721 2188 des-

355 2225 579 2267 tinaverat.
612 2226 652 2267 Is
678 2223 826 2267 multis
853 2225 1019 2284 magnis
1048 2222 1432 2283 pollicitationibus
1461 2222 1721 2283 persuadere

351 2303 533 2347 Eumeni
564 2302 730 2345 studuit
763 2312 811 2345 ut
845 2302 1096 2346 Perdiccam
1133 2302 1371 2358 desereret,
1402 2318 1450 2345 ac
1483 2318 1627 2345 secum
1660 2302 1720 2345 fa-

350 2392 466 2426 ceret
491 2382 753 2425 societatem.
782 2383 934 2439 Quum
960 2381 1198 2442 perducere
1225 2398 1324 2424 eum
1349 2398 1437 2424 non
1463 2391 1624 2441 posset,
1652 2382 1718 2423 in-

351 2462 542 2505 terficere
567 2471 748 2504 conatus
766 2471 856 2516 est3
880 2471 922 2504 et
945 2461 1132 2517 fecisset,
1156 2462 1236 2503 nisi
1262 2459 1333 2503 ille
1362 2459 1472 2504 clam
1502 2469 1635 2503 noctu
1666 2477 1717 2503 ex

351 2540 554 2601 praesidiis
576 2541 669 2600 ejus
688 2540 920 2600 effugisset.

414 2621 488 2663 III.
514 2619 696 2662 Interim
722 2617 909 2661 conflata
940 2628 1041 2661 sunt
1069 2617 1140 2661 illa
1172 2616 1285 2660 bella
1315 2634 1409 2676 quae
1443 2617 1494 2660 ad
1526 2619 1716 2662 interne-
