1859 3310
602 216 1014 252 onsERvA‘rloNEs.
1422 233 1493 265 207

123 298 256 346 scripta
278 312 296 333 a
320 312 378 334 mc
402 301 580 347 superius.
601 299 812 345 Cogitemus
843 296 973 340 etiam,
998 301 1210 332 Graecorum
1241 301 1377 346 libros,
1402 315 1498 349 prae-

124 360 247 394 sertim
275 361 520 408 antiquiores,
551 372 706 407 quorum
730 358 957 404 exemplaria
990 358 1126 393 sensim
1160 361 1500 407 multiplicabantur

124 433 190 467 per
215 421 387 457 librarios
410 421 577 457 mercede
597 421 802 456 conductos
815 447 824 463 ,
850 432 926 454 non
947 419 1068 455 ubivis
1087 421 1197 455 fuisse
1216 421 1349 456 obvios
1368 423 1404 457 in
1425 425 1500 459 Ita—

125 482 193 526 lia,
213 482 376 518 Cornelii
398 482 557 517 maxime
586 489 710 526 aetate,
733 494 802 528 qua
832 494 909 516 non
935 481 986 516 ita
1008 482 1146 516 dudum
1166 481 1322 529 flagrare
1342 485 1503 520 Romani

125 551 313 591 coeperant
337 544 539 590 cupiditate
566 555 701 591 graecas
728 544 867 577 litteras
886 542 1113 578 addiscendi.
1133 544 1266 579 Dicere
1284 545 1360 579 haec
1380 545 1503 581 omnia

125 617 184 640 me
202 612 293 652 puto
317 605 516 640 excusandi
540 605 663 652 potius
682 604 846 639 Cornelii
872 604 1009 650 gratia,
1036 617 1145 651 quam
1174 606 1377 641 incusandi.
1404 606 1505 640 Hau-

126 666 213 701 sisse
232 666 379 700 videtur
398 678 459 701 sua
490 666 616 702 omnia
639 666 677 701 in
702 666 786 701 vitis
811 665 1010 709 Miltiadis,
1035 666 1316 710 Themistoclis,
1339 667 1507 702 Aristidis

126 734 162 762 et
178 727 380 771 Pausaniae,
400 727 438 762 in
453 728 588 775 quibus
607 728 802 763 Herodoto
817 727 868 762 uti
891 727 1069 774 potuisset
1080 755 1089 771 ,
1104 741 1123 763 e
1142 729 1384 776 scriptoribus
1397 729 1508 764 nobis

127 787 347 834 incognitis,
366 789 452 834 sed,
465 796 506 824 ut
528 788 658 834 credo,
678 796 782 824 aetate
801 802 901 836 aeque
921 801 962 824 ac
980 787 1054 824 fide
1073 789 1280 825 minoribus
1299 790 1508 826 Herodoto,

128 848 187 893 Si,
212 849 316 896 gravi
337 850 410 885 hoc
435 858 584 886 auctore
606 852 723 896 lecto,
748 851 866 886 sciens
892 851 939 885 ab
963 863 1007 885 eo
1038 851 1286 896 dissensisset‚
1311 852 1410 887 haud
1438 853 1509 887 mi-

129 922 196 944 nus
215 910 414 946 indicasset
436 912 662 956 dissensum,
689 926 730 948 ac
757 912 892 948 factum
922 912 1090 947 videmus
1127 913 1165 947 in
1199 913 1273 947 vita
1303 913 1515 948 Themisto-

130 971 215 1015 clis,
235 972 321 1016 ubi,
345 972 391 1008 de
418 973 496 1019 ejus
521 973 560 1008 in
585 976 711 1009 Persas
738 974 871 1008 itinere
894 975 1070 1020 loquenS,
1094 974 1143 1008 ait
1166 987 1203 1009 se
1232 975 1356 1021 plures
1382 982 1511 1009 aucto—

129 1044 187 1067 res
211 1033 360 1080 legisse,
383 1035 448 1069 sed
470 1035 620 1070 credere
638 1035 871 1082 potissimum
890 1034 1121 1082 Thucydidi,
1141 1036 1242 1082 quod
1261 1042 1365 1070 aetate
1387 1035 1514 1083 proxi-

131 1107 210 1129 mus
230 1102 317 1131 erat.

184 1158 254 1192 III.
286 1157 407 1193 Credo
427 1158 570 1205 itaque,
592 1158 806 1193 Cornelium
826 1159 984 1192 multum
1009 1171 1146 1193 errasse
1172 1159 1208 1193 in
1237 1159 1312 1193 vita
1335 1157 1516 1193 Miltiadis

133 1219 422 1263 conscribenda,
443 1232 555 1266 quum
575 1227 742 1255 auctores
761 1231 898 1266 graecos
916 1227 1059 1255 secutus
1078 1220 1124 1255 sit
1142 1220 1265 1255 minus
1284 1220 1517 1267 perspicuos,

134 1284 249 1329 longo
275 1281 370 1316 forte
388 1288 473 1328 post
495 1281 673 1317 Miltiadis
693 1288 835 1315 aetatem
855 1288 1024 1328 tempore
1054 1281 1240 1317 florentes.
1261 1284 1379 1316 Tanta
1404 1289 1457 1316 est
1479 1281 1519 1315 in

133 1343 314 1379 Miltiadis
343 1342 417 1378 vita
445 1343 627 1378 tradenda
655 1343 867 1386 diversitas,
890 1343 919 1377 si
945 1343 1160 1378 Cornelium
1187 1356 1402 1390 comparare
1427 1342 1519 1377 velis

136 1419 216 1441 cum
236 1406 280 1440 iis
309 1418 387 1452 quae
416 1405 652 1448 Herodotus,
668 1406 691 1440 l.
714 1418 752 1439 1v
772 1412 807 1439 et
820 1417 859 1439 vl
873 1432 882 1449 ,
897 1405 1085 1452 exposuit,
1105 1412 1144 1439 ut
1172 1406 1230 1439 vel
1244 1405 1321 1439 haec
1341 1406 1419 1440 sola
1439 1404 1519 1439 dis-

137 1466 287 1514 quisitio
316 1466 477 1513 amplam
503 1466 754 1501 dissertationi
780 1466 973 1501 materiam
997 1467 1163 1513 praebere
1190 1466 1316 1513 possit.
1345 1466 1417 1501 Sed
1439 1465 1519 1512 quis

137 1528 308 1576 praeferre
328 1527 515 1562 dubitabit
537 1528 712 1563 Cornelio
736 1528 991 1572 Herodotum,
1010 1528 1073 1575 qui
1093 1541 1236 1563 coaevus
1257 1535 1334 1563 erat
1353 1527 1521 1570 Cimoni,

137 1589 317 1624 Miltiadis
342 1588 441 1633 filio,
462 1589 542 1636 qui,
565 1590 814 1625 Halicarnassi
834 1597 940 1625 natus
955 1617 964 1634 ,
981 1591 1084 1624 nullo
1099 1591 1286 1625 ferebatur
1304 1590 1342 1625 in
1362 1590 1523 1637 aliquam

138 1650 286 1686 Graeciae
310 1651 497 1686 civitatem
516 1658 579 1686 aut
601 1651 779 1686 familiam
798 1651 959 1698 partium
984 1652 1129 1695 studio,
1156 1652 1235 1698 qui,
1258 1664 1336 1698 quae
1358 1664 1446 1686 vera
1470 1664 1526 1687 es-

139 1719 239 1757 sent,
272 1712 446 1747 sciscitari
480 1720 515 1747 et
540 1720 686 1761 poterat
708 1720 743 1747 et
767 1713 933 1757 volebat,
960 1713 1023 1760 qui
1053 1720 1129 1748 erat
1156 1712 1386 1760 integerrimi
1412 1711 1525 1747 animi

139 1774 319 1821 multique
344 1774 493 1819 judicii,
518 1775 581 1821 qui
604 1774 763 1821 denique
777 1802 785 1818 ‚
804 1774 977 1809 audiente
1003 1782 1039 1809 et
1057 1775 1308 1822 applaudente
1331 1782 1406 1809 tota
1427 1776 1528 1809 Grae-

140 1836 217 1880 cia,
236 1836 404 1883 praelegit
426 1836 620 1871 historiam
643 1849 767 1871 rerum
790 1837 829 1870 in
849 1836 1030 1871 memoria
1051 1837 1191 1872 recenti
1211 1835 1463 1872 versantium?

195 1898 258 1933 IV.
290 1899 514 1933 Luculenter
539 1898 665 1933 docuit
688 1898 918 1942 Herodotus,
945 1899 1176 1941 Miltiadem,
1202 1898 1368 1933 Cimonis
1390 1897 1528 1941 filium,

145 1960 246 2006 cujus
271 1960 385 1994 vitam
407 1959 600 1995 Cornelius
628 1960 816 2006 exposuit,
839 1972 915 1994 non
945 1960 1089 1994 venisse
1115 1961 1151 1994 in
1173 1961 1464 2004 Chersonesum,
1491 1966 1529 1994 ut.

144 2021 333 2057 coloniam
365 2019 646 2057 Atheniensium
674 2021 890 2065 deduceret,
916 2021 981 2056 sed
1014 2029 1053 2056 ut
1079 2034 1236 2068 regnum
1263 2027 1469 2069 capesseret
1491 2021 1529 2055 in

144 2083 342 2126 Doloncis,
367 2082 591 2118 Chersonesi
610 2083 793 2117 Thrasicae
815 2083 970 2126 incolis,
988 2083 1225 2118 haereditario
1250 2082 1352 2130 quasi
1371 2082 1470 2128 jure,
1495 2089 1531 2116 et

147 2145 395 2180 annuentibus
414 2144 596 2180 Pisistrati
620 2143 706 2179 filiis
721 2172 730 2189 ‚
751 2145 813 2192 qui
839 2152 914 2179 tum
943 2144 1097 2179 Athenis
1123 2145 1426 2180 dominabantur.
1449 2146 1531 2179 Jam

148 2206 248 2241 enim
267 2206 443 2241 Pisistrati
474 2213 509 2240 et
527 2206 642 2241 Croesi
668 2213 772 2241 aetate
792 2213 944 2253 patruus
964 2206 1144 2241 Miltiadis
1170 2206 1298 2252 hujus,
1324 2206 1532 2250 Miltiades,

148 2267 295 2315 Cypseli
321 2266 434 2312 filius,
461 2267 525 2314 qui
544 2267 690 2314 generis
717 2267 901 2313 originem
928 2268 976 2302 ab
998 2269 1112 2303 AEaco
1130 2268 1269 2314 AEginae
1294 2280 1379 2315 rege
1405 2268 1532 2302 trahe—

150 2330 231 2374 bat,
259 2329 415 2363 Athenis
439 2341 483 2363 ex
503 2329 654 2363 oraculo
683 2341 703 2363 a
722 2329 903 2363 Doloncis
929 2336 1101 2363 evocatus
1125 2328 1262 2373 fuerat,
1287 2335 1325 2362 ut
1348 2328 1448 2375 ipsos
1473 2340 1533 2363 re-

151 2398 264 2439 geret.
285 2391 328 2426 Ei
346 2390 507 2438 primum
527 2390 565 2424 in
584 2389 807 2425 Chersonesi
826 2390 994 2438 dynastia
1014 2390 1184 2424 successit
1203 2391 1437 2437 Stesagoras,
1455 2389 1533 2425 fra-

152 2454 217 2488 tris
257 2453 423 2488 Cimonis
464 2451 583 2497 filius,
618 2453 842 2500 tandemque
882 2453 967 2487 huic
1003 2452 1200 2488 interfecto
1239 2453 1331 2487 alter
1369 2451 1533 2487 Cimonis

152 2514 266 2559 filius,
292 2521 419 2550 noster
442 2514 650 2559 Miltiades,
678 2514 743 2562 qui
765 2527 878 2561 usque
902 2514 949 2549 ad
974 2514 1014 2550 id
1041 2522 1185 2562 tempus
1213 2513 1362 2549 Athenis
1384 2513 1533 2549 habita-

154 2584 275 2621 verat,
294 2583 329 2612 et
348 2589 503 2612 uxorem
521 2583 649 2624 postea
674 2576 780 2611 duxit
798 2577 1079 2625 Hegesipylam,
1102 2576 1209 2611 Olori
1228 2576 1411 2612 Thracum
1440 2575 1537 2622 regis

155 2637 282 2673 filiam.
302 2638 359 2673 Ita
382 2638 594 2674 Herodotus
613 2650 671 2673 res
689 2645 833 2683 narrat,
852 2640 875 2674 l.
896 2652 953 2684 v1,
974 2651 1011 2686 p.
1029 2638 1200 2687 392—394
1222 2644 1256 2673 et
1278 2642 1370 2686 419,
1391 2649 1435 2672 ex
1456 2637 1536 2672 cdi-
