1859 3310
697 237 874 273 CONON.
1431 241 1475 281 47

99 325 217 371 vitati
246 342 349 370 meae
373 326 427 369 sit
452 322 710 385 opprobrio,
743 322 796 377 si,
822 336 956 380 quum
982 335 1032 362 ex
1058 335 1106 362 ea
1133 319 1211 362 sim
1238 318 1478 378 profectus,

97 422 192 466 quae
212 406 364 449 ceteris
385 403 584 465 gentibus
610 402 821 462 imperare
841 400 1135 456 consueverit,
1160 399 1306 459 potius
1330 398 1481 442 barba-

99 502 268 539 rorum,
294 500 423 544 quam
449 481 564 526 illius
582 497 703 525 more
729 480 901 541 fungar.
927 482 1080 540 Itaque
1104 479 1227 535 huie,
1248 494 1343 538 quae
1365 476 1484 521 vole-

99 565 190 619 bat,
218 565 379 624 scripta
403 562 596 606 tradidit.

160 645 237 688 IV.
274 643 448 700 Quibus
473 642 681 703 cognitis,
702 656 777 683 rex
802 650 973 684 tantum
999 640 1257 684 auctoritate
1279 639 1371 700 ejus
1394 655 1485 682 mo-

97 734 165 768 tus
193 733 276 780 est,
303 733 352 767 ut
382 732 425 766 et
459 722 792 782 Tissaphernem
826 721 994 765 hostem
1021 721 1300 781 judicaverit,
1334 730 1377 763 et
1406 722 1488 763 La-

97 804 383 850 cedaemonios
421 801 534 846 bello
572 803 772 863 persequi
812 801 1016 861 jusserit,
1059 810 1100 844 et
1137 802 1175 844 ei
1217 801 1486 861 permiserit,

97 901 225 945 quem
251 882 398 945 vellet,
428 882 587 943 eligere
614 882 669 926 ad
699 881 1034 942 dispensandam
1068 882 1309 941 pecuniam.
1345 880 1395 923 Id
1428 898 1489 924 ar-

98 965 277 1008 bitrium
306 964 462 1007 Conon
490 963 663 1023 negavit
689 963 754 1005 sui
779 978 869 1005 esse
897 960 1088 1017 consilii,
1123 961 1195 1004 sed
1230 961 1384 1020 ipsius,
1414 961 1488 1020 qui

98 1046 260 1106 optime
285 1060 385 1087 suos
411 1059 537 1087 nosse
568 1042 743 1086 deberet
768 1059 777 1085 :
810 1042 883 1085 sed
908 1058 951 1085 se
976 1040 1176 1096 suadere,
1204 1040 1490 1084 Pharnabazo

99 1125 144 1169 id
177 1125 339 1186 negotii
372 1123 506 1167 daret.
542 1124 679 1179 Hinc,
710 1123 878 1183 magnis
910 1121 1164 1165 muneribus
1198 1120 1406 1175 donatus,
1438 1120 1490 1165 ad

98 1222 217 1249 mare
247 1214 311 1249 est
341 1205 518 1259 missus,
554 1213 604 1247 ut
636 1204 809 1264 Cypriis
842 1213 885 1246 et
915 1202 1220 1259 Phoenicibus,
1254 1201 1493 1262 ceterisque

99 1286 327 1330 maritimis
361 1284 609 1329 civitatibus
647 1300 778 1327 naves
817 1282 969 1344 longas
1006 1284 1264 1343 imperaret,
1298 1281 1496 1326 classem-

103 1383 206 1427 que,
231 1382 326 1426 quae
346 1366 545 1426 proxima
568 1374 715 1408 aestate
737 1380 856 1407 mare
877 1365 989 1407 tueri
1010 1373 1177 1424 posset,
1203 1372 1493 1424 compararet,

83 1451 92 1456 “’
106 1446 207 1490 dato
231 1445 431 1506 adjutore
457 1445 763 1501 Pharnabazo,
786 1445 898 1487 sicut
919 1445 1009 1504 ipse
1034 1443 1246 1487 voluerat.
1271 1443 1321 1487 Id
1346 1453 1395 1487 ut
1414 1446 1498 1487 La-

107 1526 380 1570 cedaemoniis
411 1536 476 1569 est
509 1526 779 1580 nuntiatum,
812 1541 900 1567 non
937 1525 1028 1567 sine
1058 1540 1162 1567 cura
1196 1541 1287 1567 rem
1320 1523 1498 1568 admini-

108 1616 327 1662 strarunt,
367 1605 485 1666 quod
516 1605 655 1666 majus
690 1604 851 1648 bellum
889 1605 1115 1648 imminere
1150 1604 1496 1661 arbitrabantur,

108 1703 239 1746 quam
265 1687 299 1729 si
330 1702 430 1729 cum
460 1685 648 1728 barbaro
678 1683 816 1728 solum
848 1684 1176 1728 contenderent.
1205 1685 1319 1728 Nam
1345 1684 1499 1728 ducem

108 1765 262 1810 fortem
293 1776 335 1809 et
367 1765 626 1827 prudentem
661 1766 791 1826 regiis
823 1765 979 1825 opibus
1012 1764 1323 1825 praefuturum,
1358 1782 1407 1808 ae
1440 1782 1502 1809 se-

111 1863 209 1889 cum
241 1846 549 1890 dimicaturum
580 1845 788 1889 videbant
821 1862 829 1888 ε
865 1862 993 1905 quem
1025 1862 1165 1905 neque
1197 1845 1400 1901 consilio,
1434 1863 1503 1889 ne-

113 1943 196 1986 que
221 1927 356 1986 copiis
382 1942 586 1986 superare
604 1935 795 1986 possent.
819 1928 911 1968 Hac
936 1935 1080 1968 mente
1103 1942 1306 1986 magnam
1332 1936 1503 1969 contra-

112 2006 225 2049 hunt
249 2004 447 2061 classem3
474 2005 812 2065 proficiscuntur
835 2005 1047 2049 Pisandro
1077 2005 1199 2049 duce.
1226 2009 1317 2050 Hos
1347 2008 1502 2050 Conon

114 2086 230 2147 apud
259 2085 450 2130 Cnidum
481 2085 660 2129 adortus
690 2103 850 2147 magno
882 2085 1036 2147 proelio
1068 2085 1210 2147 fugat,
1238 2086 1396 2131 multas
1431 2105 1505 2131 na-

116 2183 189 2211 ves
215 2167 351 2227 capit,
379 2165 622 2226 complures
656 2157 871 2227 deprimit.
902 2168 1004 2223 Qua
1030 2168 1214 2211 victoria
1246 2185 1335 2211 non
1366 2168 1505 2213 solum

122 2247 317 2301 Athenae,
343 2246 416 2289 sed
449 2247 577 2289 etiam
604 2257 761 2290 cuncta
792 2248 983 2301 Graecia,
1011 2265 1106 2308 quae
1131 2248 1210 2291 sub
1234 2249 1506 2293 Lacedaemo-

119 2328 293 2371 niorum
315 2325 454 2369 fuerat
474 2327 677 2386 imperio,
698 2325 880 2370 liberata
900 2337 975 2370 est.
997 2329 1153 2371 Conon
1175 2345 1272 2371 cum
1293 2339 1415 2388 parte
1436 2346 1507 2372 na-

121 2408 239 2451 vium
264 2406 309 2449 in
330 2407 515 2466 patriam
535 2407 673 2461 venit,
694 2422 842 2449 muros
863 2406 1031 2450 dirutos
1056 2424 1080 2450 a
1100 2407 1346 2467 Lysandro,
1368 2418 1508 2452 utros-

124 2503 206 2546 que
231 2496 273 2530 et
295 2486 446 2530 Piraeei
472 2495 513 2529 et
538 2486 830 2540 Athenarum,
854 2486 1110 2530 reficiendos
1135 2497 1276 2542 curat3
1298 2489 1509 2547 pecuniae-

127 2581 208 2626 que
232 2566 550 2626 quinquaginta
578 2564 758 2621 talenta,
784 2582 877 2625 quae
904 2583 928 2611 a
957 2567 1240 2611 Pharnabazo
1265 2579 1507 2629 acceperat,

129 2646 295 2690 civibus
319 2646 406 2689 suis
431 2645 578 2688 donat.
