1859 3310
343 283 411 308 100
790 274 1020 309 CORNELII
1052 275 1259 310 NEPOTIS

337 358 494 404 lissime
522 375 566 402 se
598 358 740 419 gessit.
777 358 907 401 Petiit
936 367 1082 400 autem
1113 358 1166 401 ab
1207 360 1402 402 Eumene
1432 357 1627 415 absente,
1650 375 1704 402 ne

335 448 556 499 pateretur
580 437 770 497 Philippi
797 436 951 480 domus
976 446 1019 480 et
1054 436 1226 480 familiae
1260 437 1579 480 inimicissimos
1606 438 1704 480 stir-

334 534 433 577 pem
459 532 631 577 quoque
655 516 925 570 interimere,
952 514 1170 575 ferretque
1195 532 1322 575 opem
1355 515 1501 559 liberis
1524 515 1705 560 Alexan-

335 596 401 639 dri
421 613 429 638 :
453 612 584 655 quam
610 594 781 637 veniam
805 594 838 636 si
869 593 950 637 sibi
974 593 1116 649 daret,
1140 596 1464 655 quamprimum
1495 595 1704 638 exercitus

334 683 527 735 pararet,
550 689 658 733 quos
685 673 766 716 sibi
789 672 981 716 subsidio
1002 672 1238 717 adduceret
1264 690 1273 717 τ
1295 674 1338 717 id
1355 691 1443 733 quo
1463 673 1631 717 facilius
1649 673 1706 716 fa-

333 763 470 807 ceret,
497 769 540 796 se
578 752 783 796 omnibus
816 751 1049 812 praefectis,
1085 753 1160 812 qui
1192 753 1237 795 in
1275 752 1417 796 officio
1451 753 1702 809 manebant,

331 833 496 875 misisse
519 831 704 887 litteras,
732 840 782 874 ut
806 831 845 874 ei
868 841 1096 891 parerent,
1123 831 1302 891 ejusque
1318 831 1509 875 consiliis
1534 841 1705 876 uteren-

332 921 416 955 tur.
448 913 525 956 His
560 911 688 955 rebus
716 913 932 954 Eumenes
967 920 1208 970 permotus,
1245 911 1378 953 satius
1407 910 1550 966 duxit,
1583 911 1618 953 si
1644 911 1703 954 ita

331 990 499 1035 tulisset
526 991 719 1045 fortuna,
745 991 886 1051 perire
906 989 1016 1033 bene
1036 990 1202 1033 meritis
1221 988 1479 1032 referentem
1497 989 1700 1050 gratiam,

330 1087 462 1130 quam
489 1071 710 1131 ingratum
731 1072 889 1113 vivere.

392 1152 489 1194 VII.
514 1152 667 1210 Itaque
688 1150 833 1210 copias
853 1150 1091 1206 contraxit,
1113 1147 1277 1194 bellum
1300 1148 1505 1192 adversus
1522 1149 1702 1210 Antigo-

329 1245 435 1272 num
464 1230 742 1289 comparavit.
771 1228 904 1286 Quod
929 1244 1015 1272 una
1041 1238 1164 1272 erant
1185 1228 1478 1272 Macedonum
1503 1226 1700 1288 complu-

331 1323 398 1351 res
416 1306 600 1364 nobiles,
626 1309 671 1351 in
692 1308 759 1351 his
785 1309 1038 1363 Peucestes,
1061 1308 1136 1367 qui
1164 1308 1359 1367 corporis
1389 1317 1533 1351 custos
1559 1306 1700 1350 fuerat

328 1385 582 1443 Alexandri,
609 1396 703 1430 tum
735 1395 882 1429 autem
909 1386 1132 1430 obtinebat
1161 1385 1406 1441 Persidem,
1437 1386 1699 1446 Antigenes,

328 1466 452 1524 cujus
483 1466 563 1509 sub
593 1466 774 1526 imperio
808 1465 998 1526 phalanx
1032 1475 1125 1509 erat
1153 1465 1463 1521 Macedonum,
1494 1465 1703 1508 invidiam

326 1562 478 1589 verens
501 1545 659 1607 (quam
682 1556 826 1589 tamen
846 1545 1035 1607 effugere
1060 1562 1148 1589 non
1172 1543 1364 1606 potuit),
1385 1545 1419 1588 si
1444 1545 1589 1606 potius
1610 1545 1700 1605 ipse

326 1623 564 1685 alienigena
593 1626 751 1669 summi
780 1626 948 1687 imperii
975 1625 1210 1686 potiretur,
1241 1641 1372 1684 quam
1400 1623 1470 1667 alii
1497 1623 1699 1668 Macedo·

325 1720 452 1760 num,
479 1721 666 1764 quorum
697 1705 756 1748 ibi
785 1714 877 1748 erat
908 1703 1163 1760 multitudo,
1194 1704 1237 1746 iu
1271 1704 1494 1764 principiis
1523 1704 1698 1746 nomine

324 1783 557 1827 Alexandri
582 1785 732 1827 statuit
754 1782 1104 1839 tabernaculum,
1125 1784 1169 1825 in
1194 1799 1331 1842 eoque
1356 1781 1503 1825 sellam
1523 1798 1697 1825 auream

325 1879 426 1905 cum
446 1873 615 1923 sceptro
634 1879 682 1906 ac
703 1862 944 1906 diademate
962 1862 1092 1922 jussit
1114 1862 1239 1922 poni,
1259 1877 1396 1920 eoque
1421 1877 1570 1905 omnes
1590 1877 1698 1921 quo-

325 1942 428 1985 tidie
448 1943 696 1998 convenire,
722 1952 771 1986 ut
785 1943 843 1985 ibi
867 1941 920 1985 de
944 1942 1122 1984 summis
1143 1941 1272 1984 rebus
1297 1940 1474 1984 consilia
1497 1957 1698 2002 caperen-

324 2030 398 2064 tur
429 2038 438 2064 ε
469 2021 646 2065 credens
676 2022 843 2064 minore
871 2037 914 2064 se
948 2020 1109 2064 invidia
1136 2019 1251 2075 fore,
1278 2020 1312 2063 si
1338 2020 1477 2080 specie
1506 2020 1695 2080 imperii,

324 2100 596 2159 nominisque
619 2099 893 2143 simulatione
917 2099 1169 2155 Alexandri,
1195 2097 1356 2142 bellum
1381 2098 1600 2142 videretur
1624 2099 1697 2142 ad-

323 2180 580 2222 ministrare.
610 2178 741 2236 Quod
767 2188 810 2222 et
832 2178 944 2221 fecit.
969 2179 1102 2234 Nam,
1129 2194 1265 2237 quum
1289 2193 1377 2220 non
1406 2176 1460 2220 ad
1489 2179 1695 2222 Eumenis

323 2259 556 2318 principia,
581 2257 655 2301 sed
679 2257 733 2300 ad
760 2258 878 2317 regia
903 2257 1229 2312 conveniretur,
1254 2265 1382 2315 atque
1407 2256 1465 2299 ibi
1489 2256 1541 2300 de
1566 2257 1695 2301 rebus

323 2335 653 2392 deliberaretur,
690 2335 1011 2396 quodammodo
1048 2335 1226 2392 latebat3
1266 2351 1402 2395 quum
1438 2345 1581 2379 tamen
1616 2353 1694 2397 per

322 2431 421 2458 eum
445 2432 583 2459 unum
610 2425 863 2476 gererentur
886 2417 1043 2458 onmia.

383 2496 502 2538 VIII.
538 2496 619 2538 Hic
651 2496 694 2538 in
727 2495 952 2538 Paraetacis
982 2511 1081 2538 cum
1110 2496 1330 2555 Antigono
1360 2494 1571 2549 conflixit,
1604 2511 1691 2538 non

321 2574 408 2616 acie
433 2574 662 2628 instructa,
689 2573 761 2617 sed
787 2574 830 2616 iu
856 2574 1024 2629 itinere3
1050 2590 1235 2634 euinque
1260 2573 1370 2617 male
1396 2584 1620 2634 acceptum
1647 2575 1690 2617 in

319 2652 507 2694 Mediam
529 2652 766 2695 hiematum
789 2653 927 2711 coegit
954 2653 1104 2696 redire.
1129 2656 1224 2712 Ipse
1246 2654 1287 2695 iu
1309 2653 1492 2696 finitima
1516 2654 1690 2713 regione
