1859 3310
689 254 949 289 HANNIBAL.
1435 269 1503 303 127

140 350 316 384 nenatas
333 348 549 401 serpentes
566 338 685 380 vivas
705 336 846 398 colligi
859 371 871 394 ,
892 353 1049 397 easque
1066 338 1109 380 in
1128 352 1227 380 vasa
1244 336 1391 382 fictilia
1406 355 1507 384 con-

134 420 221 479 jici.
263 421 429 463 Harum
464 432 599 476 quum
638 416 889 459 confecisset
924 432 1125 477 magnam
1165 414 1506 474 multitudinem,

138 499 207 542 (lie
239 499 332 559 ipso
365 512 453 555 quo
485 494 678 539 facturus
705 505 796 539 erat
831 495 982 540 navale
1011 495 1230 557 proelium,
1271 494 1508 540 classiarios

137 584 365 631 convocat,
392 574 545 634 hisque
571 576 767 636 praecipit
783 609 794 631 ,
827 592 974 619 omnes
1005 585 1053 618 ut
1081 576 1124 618 in
1149 591 1280 619 unam
1303 576 1509 619 Eumenis

136 655 246 716 regis
263 663 527 698 concurrant
545 670 717 710 navem,
742 671 767 698 a
783 655 933 698 ceteris
951 664 1120 698 tantum
1141 655 1240 698 satis
1258 654 1445 698 habeant
1466 670 1510 698 se

136 733 382 790 defendere;
410 733 454 777 id
482 732 604 777 facile
636 733 731 778 illos
759 735 1024 795 serpentium
1051 732 1331 777 multitudine
1359 749 1510 777 conse-

135 823 326 858 cuturos.
353 815 446 858 Rex
466 823 610 857 autem
632 815 675 856 in
701 830 787 873 qua
811 830 919 856 nave
936 813 1180 868 veheretur,
1200 822 1249 856 ut
1267 813 1444 868 scirent,
1467 829 1511 856 se

134 893 350 937 facturum
373 910 380 937 :
404 910 531 954 quem
556 894 590 936 si
613 903 688 936 aut
710 894 941 953 cepissent,
968 902 1044 936 aut
1067 891 1397 949 interfecissent,
1420 908 1511 936 ma-

135 988 221 1032 gno
246 972 312 1015 his
338 971 568 1033 pollicetur
589 973 766 1033 praemio
791 971 894 1015 fore.

197 1053 273 1095 XI.
310 1051 402 1095 Tali
430 1053 730 1096 cohortatione
756 1050 943 1094 militum
971 1049 1276 1114 f'acta,classis
1302 1050 1355 1094 ab
1383 1051 1513 1095 utris-

133 1131 278 1191 quein
296 1130 497 1192 proelium
516 1130 758 1174 deducitur.
779 1132 979 1188 Quarum
995 1131 1084 1174 acie
1101 1131 1356 1193 constituta,
1373 1131 1514 1191 prius-

133 1226 264 1270 quam
284 1211 456 1271 signum
473 1227 631 1272 pugnae
651 1209 840 1266 daretur,
864 1208 1106 1266 Hannibal,
1124 1219 1173 1253 ut
1193 1208 1334 1271 palam
1357 1209 1515 1253 faceret

133 1290 245 1346 suis,
266 1306 354 1350 quo
373 1289 469 1334 loco
491 1292 706 1334 Eumenes
727 1299 836 1333 esset
849 1324 860 1346 ,
878 1288 1149 1333 tabellarium
1170 1290 1214 1333 in
1235 1289 1393 1350 scapha
1413 1305 1512 1333 cum

132 1368 322 1412 caduceo
339 1370 473 1413 mittit
490 1386 500 1412 ε
520 1370 597 1431 qui
616 1369 691 1412 ubi
708 1368 762 1413 ad
780 1386 910 1412 naves
929 1369 1274 1413 adversariorum
1294 1370 1490 1430 pervenit
1502 1403 1514 1425 ,

131 1447 357 1509 epistolam
374 1449 605 1493 ostendens
619 1484 630 1505 ,
649 1466 692 1493 se
709 1466 854 1510 regem
871 1449 1090 1510 professus
1111 1459 1175 1493 est
1191 1466 1396 1509 quaerere.
1420 1451 1514 1493 Sta-

130 1528 207 1571 tim
244 1528 298 1571 ad
330 1531 569 1572 Eumenem
602 1529 814 1572 deductus
848 1539 937 1585 est,
973 1529 1092 1589 quod
1127 1546 1253 1572 nemo
1288 1529 1514 1572 dubitabat

129 1605 294 1667 aliquid
317 1607 369 1651 de
385 1624 490 1669 pace
507 1625 598 1652 esse
621 1609 845 1669 scriptum.
867 1608 1135 1652 Tabellarius
1148 1643 1159 1664 ,
1181 1608 1303 1652 ducis
1318 1624 1427 1652 nave
1443 1608 1514 1652 de-

128 1685 289 1731 clarata
310 1688 419 1744 suis,
444 1687 614 1745 eodem,
642 1688 759 1732 unde
781 1689 908 1745 ierat,
929 1705 973 1732 se
996 1689 1172 1749 recepit.
1195 1690 1252 1733 At
1274 1690 1488 1732 Eumenes
1502 1722 1513 1744 ,

129 1764 271 1810 soluta
292 1765 498 1828 epistola,
521 1767 628 1811 nihil
652 1769 696 1811 in
721 1784 770 1812 ea
791 1769 975 1829 reperit,
1000 1769 1083 1811 nisi
1107 1767 1225 1828 quod
1249 1767 1304 1811 ad
1330 1767 1513 1811 irriden-

128 1845 234 1889 dum
261 1863 360 1890 eum
391 1848 639 1908 pertineret.
671 1848 808 1907 Cujus
837 1849 916 1891 etsi
945 1864 1119 1891 causam
1145 1848 1410 1903 mirabatur,
1439 1864 1514 1890 ne-

127 1942 212 1985 que
235 1927 546 1986 reperiebatur,
570 1936 714 1970 tamen
738 1925 940 1987 proelium
965 1927 1107 1970 statim
1131 1927 1400 1970 committere
1423 1943 1512 1971 non

128 2005 357 2049 dubitavit.
384 2008 554 2050 Horum
582 2008 625 2050 in
653 2023 870 2050 concursu
897 2007 1094 2067 Bithyni,
1120 2005 1375 2050 Hannibalis
1403 2023 1511 2067 prae-

127 2095 252 2145 cepto
265 2120 276 2141 ,
298 2087 488 2129 universi
507 2102 660 2130 navem
679 2087 886 2130 Eumenis
909 2086 1171 2130 adoriuntur
1189 2103 1199 2129 :
1217 2103 1405 2146 quorum
1425 2087 1510 2129 vim

127 2180 263 2223 quum
280 2181 356 2208 rex
377 2166 589 2209 sustinere
606 2182 694 2209 non
713 2176 877 2226 posset,
897 2165 999 2226 fuga
1017 2165 1198 2209 salutem
1216 2166 1360 2226 petiit3
1379 2182 1510 2225 quam

126 2254 384 2287 consecutus
407 2261 495 2288 non
523 2255 653 2301 esset,
680 2246 761 2288 nisi
788 2246 902 2289 intra
927 2262 1004 2289 sua
1033 2245 1232 2306 praesidia
1256 2262 1300 2288 se
1325 2246 1508 2306 recepis-

127 2333 209 2380 set,
234 2340 330 2383 quae
356 2325 399 2366 in
424 2324 623 2384 proximo
652 2323 778 2367 litore
799 2335 921 2368 erant
945 2324 1166 2368 collocata.
1191 2323 1385 2384 Reliquae
1406 2327 1508 2368 Per-

126 2419 316 2464 gamenae
351 2420 482 2447 naves
509 2420 645 2463 quum
675 2404 943 2447 adversarios
971 2414 1218 2465 premerent
1249 2405 1408 2459 acrius,
1441 2421 1507 2448 re-

126 2493 254 2543 pente
285 2484 329 2526 in
361 2500 438 2527 eas
464 2499 566 2526 vasa
598 2482 769 2540 fictilia,
805 2484 856 2527 de
890 2485 1049 2544 quibus
1077 2500 1209 2544 supra
1242 2485 1504 2528 mentionem

126 2561 325 2619 fecimus,
352 2563 507 2622 conjici
532 2573 674 2623 coepta
699 2574 800 2606 sunt
826 2581 834 2606 :
865 2580 960 2623 quse
978 2564 1095 2623 jacta
1122 2564 1244 2606 initio
1264 2564 1399 2606 risum
1424 2580 1505 2624 pu-

125 2643 358 2701 gnantibus
391 2644 660 2700 excitarunt,
691 2659 793 2698 nec,
820 2660 953 2703 quare
986 2642 1029 2686 id
1060 2643 1203 2700 fleret,
1237 2653 1406 2703 poterat
1439 2645 1504 2687 in-
