1859 3310
648 217 888 252 DATAMEs.
1409 216 1454 261 75

96 305 199 359 rari,
229 303 389 347 bellum
419 318 515 345 cum
547 300 639 359 ipso
669 316 767 359 rege
798 299 975 363 suscipi,
1008 297 1144 356 deque
1173 314 1221 339 ea
1252 314 1320 352 re,
1355 300 1388 340 si
1418 301 1455 342 ei

93 383 329 438 videretur,
357 397 443 441 quo
473 380 566 423 loco
595 378 740 432 vellet,
770 379 812 421 in
843 376 1106 436 colloquium
1137 378 1313 419 veniret.
1348 380 1454 419 Pro-

94 462 190 505 bata
210 478 274 517 re,
300 458 571 519 colloquendi
597 467 764 517 tempus
789 458 988 510 sumitur,
1014 455 1218 514 locusque
1241 472 1328 514 quo
1353 472 1455 498 con-

93 542 322 583 veniretur.
348 541 444 581 Huc
467 536 741 580 Mithridates
766 552 864 578 cum
892 551 999 590 uno,
1023 535 1097 594 qui
1126 535 1355 576 maximam
1380 535 1456 576 ha-

93 620 219 663 bebat
260 617 409 673 fidem,
445 625 543 659 ante
579 614 743 675 aliquot
780 614 868 657 dies
900 615 1040 669 venit,
1077 611 1456 673 compluribusque

93 698 195 742 locis
221 697 447 757 separatim
473 694 636 756 gladios
662 695 831 750 obruit,
857 710 990 752 caque
1014 692 1106 736 loca
1133 692 1357 752 diligenter
1381 710 1456 735 no-

93 787 166 820 tat.
187 778 288 837 Ipso
313 785 456 818 autem
486 773 757 833 colloquendi
784 773 869 828 die,
897 774 1093 832 utrique,
1121 771 1262 816 locum
1288 774 1361 833 qui
1387 790 1456 816 ex-

92 855 334 917 plorarent,
378 864 508 914 atque
547 854 661 913 ipsos
697 861 1017 906 scrutarentur,
1057 853 1249 895 mittunt.
1288 852 1455 895 Deinde

93 937 173 996 ipsi
201 945 302 978 sunt
335 934 563 993 congressi.
602 933 683 975 Hic
715 948 849 990 quum
883 930 1133 990 aliquandiu
1168 933 1210 973 in
1241 930 1455 990 colloquio

93 1014 290 1069 fuissent,
316 1023 357 1057 et
382 1012 537 1055 diversi
558 1011 866 1065 discessissent,
886 1010 1060 1069 jamque
1082 1009 1234 1070 procul
1254 1013 1456 1054 Datames

92 1093 276 1149 abesset3
303 1091 597 1146 Mithridates,
623 1091 875 1150 priusquam
900 1089 954 1132 ad
988 1106 1086 1132 suos
1115 1090 1377 1149 perveniret,
1404 1107 1457 1133 ne

93 1187 222 1231 quam
242 1171 529 1231 suspicionem
548 1178 736 1229 pareret,
763 1169 806 1210 in
827 1167 1024 1210 eumdem
1049 1167 1191 1210 locum
1211 1169 1455 1223 revertitur,

94 1260 223 1310 atque
246 1250 326 1305 ibi,
351 1250 425 1292 ubi
445 1247 578 1292 telum
601 1257 693 1291 erat
713 1248 981 1307 impositum,
1001 1246 1179 1302 resedit,
1204 1257 1252 1290 ut
1276 1248 1309 1290 si
1335 1264 1358 1290 a
1376 1246 1458 1290 las-

95 1329 279 1373 situdine
319 1338 496 1389 cuperet
535 1328 825 1387 acquiescere,
863 1329 1175 1386 Datamemque
1218 1328 1457 1382 revocavit,

96 1407 299 1452 simulans
330 1425 373 1451 se
397 1406 602 1467 quiddam
628 1408 671 1450 in
701 1405 916 1466 colloquio
944 1422 1033 1449 esse
1058 1404 1253 1449 oblitum.
1280 1406 1457 1448 Interim

96 1487 248 1543 telum,
276 1486 393 1547 quod
412 1481 597 1543 latebat,
622 1485 823 1547 protulit,
850 1485 1146 1544 nudatumque
1169 1486 1320 1545 vagina
1343 1495 1459 1528 veste

95 1568 223 1623 texit,
247 1583 295 1610 ac
326 1567 499 1610 Datami
528 1566 717 1608 venienti
749 1566 827 1619 ait,
862 1564 1170 1625 digredientem
1198 1581 1240 1607 se
1265 1565 1458 1607 animad-

95 1647 271 1690 vertisse
297 1645 440 1689 locum
465 1644 715 1704 quemdam,
737 1645 810 1703 qui
835 1654 925 1687 erat
945 1645 988 1687 in
1011 1654 1267 1704 conspectu,
1292 1644 1345 1687 ad
1371 1661 1460 1688 cas-

94 1735 162 1769 tra
190 1723 389 1786 ponenda
411 1740 501 1767 esse
539 1723 755 1766 idoneum.
789 1724 932 1780 Quem
963 1740 1098 1782 quum
1123 1722 1259 1783 digito
1285 1722 1460 1766 demon—

97 1813 273 1859 straret,
316 1813 358 1846 et
394 1802 464 1846 ille
503 1802 790 1862 conspiceret,
832 1818 1030 1845 aversum
1068 1802 1181 1845 ferro
1226 1802 1459 1858 transfixit,

98 1884 323 1944 priusque,
347 1899 476 1942 quam
506 1883 735 1941 quisquam
762 1891 905 1942 posset
935 1897 1203 1933 succurrere,
1234 1881 1458 1925 interfecit.

96 1964 161 2006 Ita
185 1963 268 2017 vir,
300 1962 371 2021 qui
407 1960 565 2005 multos
591 1960 790 2017 consilio,
816 1961 1029 2003 neminem
1061 1960 1240 2020 perfidia
1268 1970 1459 2020 ceperat,

97 2041 294 2085 simulata
320 2051 470 2101 captus
496 2051 558 2084 est
584 2042 780 2083 amicitia.
