1859 3310
718 220 758 253 M
762 220 859 254 ILTI
866 221 996 254 ADES.
1525 223 1543 256 5

176 302 388 346 duceret:
422 304 512 364 ejus
540 303 704 362 pontis,
738 303 842 346 dum
880 305 969 363 ipse
1000 304 1186 357 abesset,
1217 306 1416 349 custodes
1449 308 1544 350 reli-

175 383 269 441 quit
289 384 524 442 principes,
549 399 658 442 quos
681 399 827 425 secum
851 400 903 426 ex
924 384 1047 426 Ionia
1071 393 1115 426 et
1147 383 1313 428 AEolide
1342 385 1545 441 duxerat,

174 461 331 519 quibus
355 460 534 520 singulis
563 462 755 521 ipsarum
780 462 957 505 urbium
981 472 1191 522 perpetua
1211 462 1391 507 dederat
1413 465 1547 524 impe-

172 541 248 582 ria.
267 540 337 582 Sic
354 540 469 582 enim
484 542 673 599 putavit,
694 539 898 584 facillime
915 558 958 584 se
976 558 1113 602 graeca
1132 541 1280 603 lingua
1301 542 1544 602 loquentes,

170 619 245 677 qui
277 619 422 662 Asiam
450 618 714 675 incolerent,
738 620 817 663 sub
847 637 923 664 sua
947 631 1222 665 retenturum
1250 632 1482 682 potestate,
1511 625 1544 666 si

169 699 320 742 amicis
356 699 444 742 suis
480 699 641 759 oppida
676 699 835 743 tuenda
872 700 1142 758 tradidisset,
1169 702 1347 762 quibus,
1384 719 1428 745 se
1465 719 1544 763 op-

168 794 338 838 presso,
367 777 487 821 nulla
515 795 612 838 spes
635 777 785 822 salutis
805 779 1137 839 relinqueretur.
1162 783 1213 824 In
1237 782 1319 824 hoe
1343 782 1426 825 fuit
1450 792 1543 825 tum

169 874 354 902 numero
396 857 635 914 Miltiades,
673 859 742 901 cui
788 858 860 902 illa
898 859 1093 902 custodia
1132 860 1396 903 crederetur.
1440 862 1544 917 Hic,

169 955 303 998 quum
329 938 470 981 crebri
494 937 701 980 afferrent
721 940 888 994 nuntii,
915 938 1028 982 male
1051 956 1142 982 rem
1166 956 1314 999 gerere
1337 941 1542 997 Darium,

168 1019 395 1078 premique
422 1017 475 1060 ab
508 1017 699 1077 Scythi53
729 1017 952 1061 Miltiades
977 1018 1177 1061 hortatus
1197 1028 1263 1062 est
1282 1020 1428 1078 pontis
1451 1035 1545 1062 cus—

167 1097 310 1152 todes,
334 1113 387 1140 ne
403 1113 426 1139 a
448 1096 623 1140 fortuna
648 1096 793 1140 datam
817 1098 1090 1140 occasionem
1114 1096 1348 1141 liberandae
1365 1098 1543 1141 Graeciae

167 1177 438 1220 dimitterent
466 1193 474 1220 :
498 1193 620 1233 nam,
645 1177 679 1219 si
706 1193 806 1220 cum
832 1177 900 1220 his
923 1177 1078 1237 copiis,
1117 1193 1224 1236 quas
1243 1194 1389 1220 secum
1406 1186 1544 1221 trans-

164 1265 434 1317 portaverat,
461 1257 694 1300 interiisset
720 1257 901 1312 Darius,
922 1273 1010 1299 non
1043 1256 1183 1300 solum
1206 1259 1429 1317 Europam
1450 1256 1542 1300 fore

166 1346 327 1392 tutam,
353 1335 427 1380 sed
449 1337 581 1379 etiam
617 1352 709 1391 eos,
739 1338 813 1395 qui
846 1336 992 1379 Asiam
1026 1335 1269 1380 incolerent
1302 1338 1442 1380 Graeci
1468 1353 1541 1397 ge-

165 1432 288 1471 nere,
313 1415 470 1459 liberos
500 1432 521 1458 a
558 1418 789 1459 Persarum
823 1415 994 1459 futuros
1027 1413 1324 1459 dominatione
1352 1426 1394 1459 et
1426 1417 1541 1476 peri-

168 1495 280 1539 culo.
306 1494 356 1539 Id
372 1505 414 1539 et
435 1494 560 1539 facile
573 1495 687 1539 effici
706 1512 831 1556 posse
849 1512 858 1539 t
879 1506 1012 1555 ponte
1035 1496 1152 1539 enim
1169 1497 1373 1551 rescisso,
1395 1512 1541 1555 regem

168 1574 235 1617 vel
254 1575 445 1618 hostium
468 1575 604 1631 ferro,
622 1575 687 1618 vel
710 1576 879 1635 inopia,
895 1575 1045 1634 paucis
1069 1574 1221 1618 diebus
1245 1576 1540 1618 interiturum.

167 1654 234 1698 Ad
261 1654 345 1697 hoc
370 1653 601 1698 consilium
629 1671 766 1714 quum
792 1652 989 1714 plerique
1027 1653 1306 1710 accederent,
1336 1654 1542 1696 Histiaeus

165 1732 383 1789 Milesius,
408 1750 461 1776 ne
485 1750 552 1777 res
581 1733 888 1788 conficeretur,
908 1733 1096 1788 obstitit,
1117 1733 1284 1789 dicens,
1309 1749 1396 1776 non
1426 1732 1542 1775 idem

166 1813 288 1873 ipsis,
317 1814 392 1872 qui
417 1829 606 1857 summas
640 1813 813 1873 imperii
836 1822 1036 1856 tenerent
1068 1812 1291 1873 expedire,
1322 1823 1366 1855 et
1392 1811 1542 1855 multi·

166 1892 327 1947 tudini,
351 1893 469 1952 quod
496 1893 619 1936 Darii
644 1909 781 1953 regno
805 1893 1000 1952 ipsorum
1028 1893 1243 1936 niteretur
1272 1892 1540 1935 dominatio:

165 1988 252 2031 quo
267 1973 495 2027 exstincto,
513 1972 628 2031 ipsos
650 1981 864 2032 potestate
881 1970 1084 2032 expulsos
1100 1972 1268 2014 civibus
1289 1972 1377 2015 suis
1392 1988 1541 2031 poenas

164 2051 357 2095 daturos.
383 2054 537 2111 Itaque
557 2051 665 2095 adeo
687 2068 730 2095 se
753 2051 990 2095 abhorrere
1015 2068 1039 2094 a
1066 2061 1314 2094 ceterorum
1338 2049 1539 2107 consilio,

165 2141 212 2175 ut
243 2130 351 2175 nihil
389 2141 514 2191 putet
553 2132 658 2191 ipsis
693 2130 864 2187 utilius,
901 2148 1032 2191 quam
1070 2130 1319 2174 confirmari
1354 2147 1537 2191 regnum

162 2213 407 2255 Persarum.
449 2211 590 2271 Hujus
622 2227 759 2270 quum
794 2211 1055 2254 sententiam
1085 2209 1264 2271 plurimi
1299 2220 1442 2254 essent
1475 2227 1540 2254 se-

163 2293 274 2346 cuti,
306 2289 547 2347 Miltiades,
577 2308 664 2334 non
701 2290 926 2346 dubitans,
955 2301 1040 2335 tam
1070 2290 1221 2334 multis
1247 2291 1452 2346 consciis,
1483 2289 1537 2333 ad

162 2373 276 2432 regis
299 2387 424 2414 aures
453 2369 633 2414 consilia
668 2387 745 2413 sua
772 2380 1057 2430 perventura,
1087 2370 1410 2415 Chersonesum
1438 2368 1539 2412 reli-

162 2452 277 2512 quit,
299 2467 347 2494 ac
363 2467 512 2494 rursus
535 2450 729 2493 Athenas
752 2449 1025 2511 demigravit.
1047 2450 1182 2509 Cujus
1212 2450 1324 2492 ratio
1343 2448 1422 2492 etsi
1445 2465 1533 2491 non

162 2531 316 2587 valuit,
353 2540 499 2574 tamen
535 2546 800 2590 magnopere
827 2540 893 2573 cst
924 2529 1160 2583 laudanda,
1189 2545 1325 2588 quum
1354 2529 1534 2573 amicior

161 2613 356 2656 omnium
381 2609 594 2665 libertati,
618 2627 748 2670 quam
774 2626 859 2653 suae
883 2609 1013 2653 fuerit
1036 2608 1336 2652 dominationi.
