1859 3310
184 211 299 225 mmwvu
303 213 487 226 mwtwvvvvvu
493 213 551 225 ww}
555 213 599 225 ww
604 208 799 225 »vvwnmmwwux
804 209 863 220 ww
867 207 922 218 »mvn
927 204 1417 220 uwuuvwsmwwwmvvwwwwuwi
1421 205 1541 220 υνυνυννι

505 410 569 475 J.
606 408 691 474 H.
727 404 1216 473 SCHLEGEL

268 613 736 650 OBSERVATIONES
764 613 1002 649 CRITICAE
1028 612 1098 647 ET
1126 610 1453 647 HISTORICAE

835 788 883 810 IN

434 954 865 1009 CORNELIUM
910 951 1282 1007 NEPOTEM.

371 1348 406 1390 Ι.
440 1349 510 1391 De
542 1346 728 1391 Cornelii
750 1348 938 1408 Nepotis
964 1346 1056 1390 vita
1083 1354 1123 1390 et
1147 1347 1334 1407 scriptis.

169 1525 363 1592 Consua*
385 1557 482 1593 inter
503 1571 647 1604 omnes,
667 1559 779 1595 fuisse
799 1559 1002 1595 Cornelium
1026 1559 1208 1606 Nepotem
1233 1554 1451 1591 familiarem
1471 1566 1542 1602 pa-

163 1618 256 1653 riter
286 1618 325 1653 C.
359 1619 499 1655 Valerii
525 1620 660 1656 Catulli
693 1628 729 1655 et
763 1622 806 1656 T.
840 1619 1045 1667 Pomponii
1077 1617 1208 1658 Attici,
1237 1617 1360 1664 itaque
1392 1622 1428 1651 et
1456 1622 1542 1651 ante

164 1678 315 1714 Caesaris
342 1679 564 1716 dictaturam
591 1688 627 1716 et
657 1682 727 1717 sub
760 1681 919 1729 Augusti
945 1680 1157 1728 principatu
1186 1677 1406 1721 florentem3
1432 1676 1542 1712 fuisse

161 1747 354 1775 auctorem
379 1742 627 1789 complurium
655 1743 839 1778 librorum
863 1742 940 1777 sive
968 1742 1015 1776 ad
1038 1740 1250 1785 historiam,
1274 1739 1351 1774 sive
1376 1738 1424 1773 ad
1448 1749 1542 1786 geo-

165 1801 375 1848 graphiam,
396 1802 471 1837 sive
498 1803 544 1838 ad
575 1815 653 1839 rem
677 1803 894 1839 litterariam
916 1801 1179 1850 spectantium3
1204 1807 1240 1835 et
1266 1806 1406 1834 tantam
1431 1799 1541 1834 fuisse

166 1862 242 1908 ejus
261 1863 532 1909 auctoritatem,
550 1871 591 1899 ut
615 1864 694 1912 ipse
720 1865 841 1899 Cicero
862 1877 939 1899 non
960 1861 1142 1898 dubitarit
1164 1861 1242 1908 ejus
1269 1861 1315 1896 de
1334 1859 1406 1895 suis
1426 1859 1542 1907 scrip—

165 1923 210 1958 tis
225 1923 408 1969 judicium
433 1932 624 1972 expetere,
649 1932 685 1960 et
710 1932 750 1960 ut
773 1925 980 1972 complures
1009 1922 1228 1971 posterioris
1256 1921 1323 1956 aevi
1345 1920 1541 1967 scriptores

165 1984 242 2030 ejus
267 1985 479 2021 testimonio
503 1987 722 2022 innitantur.
743 1986 816 2022 Sed
836 1986 882 2021 de
902 1986 978 2021 vita
998 1986 1073 2031 ejus
1092 1996 1222 2032 parum
1248 1989 1401 2018 constat.
1420 1982 1541 2017 Colle-

164 2045 218 2092 git
240 2047 438 2092 nonnulla,
460 2060 540 2094 quae
560 2047 655 2083 varii
683 2054 851 2082 auctores
879 2046 1184 2088 subministrant,
1212 2044 1407 2089 Dionysius
1426 2045 1541 2077 Lam-

164 2107 267 2142 binus
294 2107 333 2142 in
357 2108 573 2155 praefatione
599 2108 647 2144 ad
670 2107 875 2143 editionem
901 2120 1018 2151 suam,
1047 2113 1082 2141 et
1107 2113 1192 2153 post
1219 2117 1302 2140 eum
1331 2104 1541 2140 Gerharclus

163 2168 328 2202 Joannes
357 2169 505 2204 Vossius
537 2170 575 2204 in
607 2170 706 2204 libro
739 2170 786 2204 de
824 2169 1011 2204 Historicis
1039 2169 1172 2202 latiniv.
1200 2167 1331 2202 Italum
1362 2166 1471 2200 fuisse
1500 2165 1539 2199 in

164 2228 318 2275 regione
337 2229 483 2265 Padana
503 2237 645 2273 natum,
668 2229 786 2276 liquet
808 2241 853 2264 ex
872 2235 1033 2275 utroque
1057 2229 1192 2263 Plinio.
1206 2227 1418 2262 Avunculus
1440 2225 1539 2261 enim

165 2289 379 2324 Cornelium
406 2290 576 2325 nominat
601 2290 692 2325 Padi
719 2290 905 2327 accolam:
932 2289 1077 2324 Plinius
1099 2288 1226 2335 junior
1250 2287 1349 2322 idem
1378 2286 1540 2321 insinuat

164 2348 202 2383 in
228 2350 386 2397 epistola
410 2363 473 2386 sua
501 2351 548 2385 ad
572 2351 764 2394 Severum,
790 2363 842 2394 w,
869 2350 935 2393 28,
967 2350 1031 2384 ubi
1056 2349 1253 2396 imaginem
1288 2348 1448 2383 Cornelii
1467 2348 1539 2382 de-

163 2410 390 2458 pingendam
409 2412 528 2447 amico
551 2424 617 2446 suo
638 2411 885 2446 commendat.
909 2410 1179 2446 Veronensium
1202 2422 1325 2445 rerum
1343 2409 1539 2456 scriptores

162 2472 387 2507 recentiores
424 2472 589 2507 Cornelio
624 2472 781 2519 patriam
813 2472 1002 2519 assignant
1033 2471 1250 2515 Hostiliam,
1287 2472 1468 2519 oppidum
1500 2472 1538 2507 in

163 2545 253 2580 agro
277 2534 506 2579 Veronensi,
534 2534 635 2581 quod
664 2547 764 2569 nunc
802 2534 961 2582 Osciglia
987 2535 1203 2581 appellatur.
1235 2535 1404 2568 Testatur
1434 2534 1538 2568 Onu-

161 2595 291 2641 phrius
321 2597 519 2631 panvinius
549 2596 793 2641 Veronensis,
819 2596 856 2630 in
889 2596 1058 2642 catalogo
1088 2595 1286 2630 illustrium
1317 2595 1537 2642 scriptorum
1569 2622 1574 2623 γ
