1859 3310
340 204 410 239 206
688 205 898 240 JOANNIS
928 206 1072 239 HENR.
1103 204 1359 239 SCHLEGEL

339 288 482 324 ducant.
510 289 583 324 Nec
609 289 645 323 in
672 289 774 324 libris
797 289 974 336 separatis
999 289 1201 336 plerisque,
1228 300 1319 334 quos
1342 287 1387 322 dc
1413 287 1565 322 historia
1590 295 1710 322 vetere

339 363 577 397 composuere
604 351 844 393 recentiores,
870 363 1032 385 accessus
1057 351 1164 385 datur
1189 351 1235 385 ad
1269 350 1356 384 artis
1390 348 1574 384 historicae
1595 361 1711 396 pene—

339 411 462 455 tralia,
485 412 674 446 scientiam
697 411 834 446 scilicet
854 411 1085 457 dijudicandi
1106 420 1284 448 auctores,
1311 411 1387 447 Alii
1407 411 1599 445 historiam
1617 411 1710 445 scri—

339 473 448 516 bunt,
468 473 665 507 nominatis
686 473 839 507 testibus
859 473 991 516 nullis,
1004 473 1107 521 quod
1127 475 1277 521 quidem
1296 472 1576 521 compendiario
1596 472 1707 519 scrip-

339 533 431 576 tori,
456 533 486 567 si
511 533 625 567 modo
658 533 736 580 ipsc
768 533 927 579 diligens
956 534 1065 569 fuerit
1084 535 1242 570 fontium
1266 541 1532 582 perscrutator,
1558 533 1610 568 sas
1638 545 1707 568 esst

338 594 445 628 duco.
464 593 507 628 Id
527 594 625 628 enim
645 594 834 628 clementis
849 595 1012 629 historiae
1026 595 1159 630 veteris
1173 596 1406 632 addiscendis
1427 608 1537 643 quam
1556 594 1716 630 maxime

338 653 524 689 convenit.
553 654 627 689 Sed
652 654 871 690 eruditiores
894 656 1007 690 oculis
1032 656 1105 690 suis
1125 656 1252 692 videre
1266 685 1276 701 ,
1297 658 1533 704 diversasque
1552 656 1715 691 rationes

337 715 545 762 ponderare
565 716 708 750 volunt.
734 716 981 751 Citationibus
1000 716 1232 764 superfluunt
1251 718 1332 763 alii,
1352 718 1519 765 quamvis
1537 717 1608 765 ipsi
1630 729 1715 752 raro

337 776 455 811 fontes
476 776 656 821 adierint,
678 777 925 812 recentiorum
952 779 1149 826 opiniones
1181 787 1347 815 veterum
1374 780 1584 815 immiscent
1610 779 1713 815 testi-

337 837 492 881 moniis,
520 850 587 873 nec
606 851 626 873 a
645 839 742 874 veris
761 839 850 874 falsa
877 839 1093 885 dijudicant.

388 901 416 934 Ι.
450 899 641 934 Innumeri
659 900 735 934 fere
754 908 837 935 sunt
860 901 1025 936 Cornelii
1045 902 1135 945 loci,
1155 902 1288 949 quibus
1308 915 1353 937 ex
1378 902 1457 937 aliis
1483 901 1717 943 auctoribus,

335 960 416 1007 pari
444 967 506 995 aut
530 961 671 1007 majore
696 960 769 996 fide
796 962 934 1009 dignis,
958 963 1122 1010 suppleri
1148 970 1270 1010 potest
1291 965 1347 998 vel
1377 964 1487 999 etiam
1516 962 1715 998 emendari.

337 1022 465 1057 Varias
491 1034 568 1066 reS,
598 1035 676 1069 quae
703 1023 865 1058 historiae
889 1024 1104 1071 supplendae
1140 1032 1175 1059 et
1207 1025 1470 1059 connectendae
1497 1024 1717 1067 inserviunt,

337 1083 472 1118 tabulis
500 1084 778 1131 chronologicis
806 1085 992 1121 indicabo.
1020 1086 1089 1120 Hic
1115 1086 1275 1133 deligam
1302 1086 1533 1133 potissimum
1559 1098 1622 1121 eos
1656 1086 1717 1120 lo—

337 1158 416 1188 cos,
444 1145 578 1191 quibus
609 1146 823 1180 Cornelium
854 1159 992 1181 errasse
1021 1154 1082 1181 aut
1109 1147 1353 1194 negligentius
1373 1147 1559 1194 scripsisse
1585 1147 1718 1190 credo;

337 1218 417 1240 non
439 1195 660 1241 detrahendi
685 1207 807 1254 aliqua
840 1208 1042 1255 cupiditate
1073 1209 1222 1252 ductus,
1251 1209 1314 1244 sed
1343 1209 1506 1244 veritatis
1533 1208 1719 1243 historicae

339 1268 483 1310 studio,
507 1274 542 1302 et
564 1268 750 1313 juventuti
768 1268 994 1313 inserviens,
1014 1283 1094 1316 quae
1114 1270 1244 1317 saepius
1265 1277 1407 1305 veteres
1427 1282 1555 1305 omnes
1575 1269 1719 1305 laudari

338 1341 414 1362 uno
443 1340 507 1363 ore
532 1328 643 1363 rebus
672 1328 709 1362 in
739 1329 912 1363 omnibus
931 1329 1055 1374 audit,
1083 1337 1119 1365 et
1143 1331 1190 1365 ad
1217 1343 1280 1365 eos
1305 1331 1555 1378 superstitiose
1587 1331 1717 1365 colen-

338 1388 406 1423 dos
432 1389 604 1436 adigitur.
632 1389 733 1424 Nihil
757 1397 811 1424 est
832 1390 949 1437 magis
972 1391 1132 1426 alienum
1155 1405 1175 1427 a
1202 1405 1292 1427 vero
1319 1392 1545 1439 antiquitatis
1575 1392 1719 1433 studio,

339 1462 451 1497 quum
474 1451 686 1494 videamus,
706 1452 807 1498 quod
830 1464 939 1498 supra
960 1452 1106 1497 monui,
1132 1453 1355 1500 reprehendi
1380 1466 1400 1487 a
1427 1453 1623 1488 Plutarcho
1642 1453 1718 1487 He-

337 1511 513 1546 rodotum
525 1539 534 1556 ,
549 1525 567 1547 a
586 1512 709 1547 Plinio
730 1513 961 1557 Cornelium,
980 1514 1072 1549 nihil
1091 1515 1207 1561 magis
1222 1514 1400 1549 obtundit
1415 1514 1607 1561 judicandi
1624 1514 1719 1558 vim,

339 1586 448 1620 quam
473 1587 603 1609 acuere
625 1574 786 1609 maxime
810 1574 947 1609 debent
965 1575 1119 1621 juvenes
1145 1576 1307 1611 litterati.
1332 1577 1426 1610 Nam
1452 1588 1566 1623 quum
1589 1575 1717 1622 saepis—

339 1634 428 1670 sime
451 1635 489 1669 in
502 1642 624 1682 partes
645 1636 808 1670 diversas
825 1636 972 1671 'abeant
996 1636 1162 1671 historici
1176 1644 1317 1672 veteres
1337 1635 1453 1686 (quod
1467 1637 1566 1672 idem
1581 1636 1619 1670 in
1633 1648 1718 1670 nos-

339 1705 395 1731 tra
427 1696 581 1732 historia
612 1697 765 1741 accidit,
797 1704 831 1732 et
859 1697 960 1744 quod
985 1698 1145 1733 humana
1170 1699 1240 1733 fert
1269 1698 1488 1747 fragilitas),
1511 1705 1571 1733 aut
1596 1699 1719 1745 legent

340 1770 402 1793 eos
428 1758 505 1793 sine
529 1758 669 1804 judicio
694 1765 729 1793 et
751 1758 830 1794 sine
852 1760 925 1793 ulla
953 1759 1000 1795 ad
1026 1772 1084 1794 res
1110 1768 1275 1795 narratas
1301 1759 1523 1804 attentione,
1547 1766 1608 1794 aut
1631 1772 1718 1794 nes—

339 1820 453 1862 cient,
473 1819 530 1854 cui
548 1818 660 1855 fidem
684 1819 869 1863 tribuant,
891 1820 948 1854 cui
968 1828 1115 1868 negent.

393 1881 441 1915 II.
472 1879 581 1925 Dixi,
598 1880 705 1927 hujus
724 1880 867 1916 dissert.
889 1895 924 1929 p.
952 1882 1044 1930 189,
1064 1895 1123 1917 me
1150 1895 1228 1916 non
1253 1883 1403 1917 credere
1426 1882 1610 1917 Herodoti
1637 1882 1717 1916 his—

339 1942 472 1976 toriam
500 1954 662 1988 unquam
695 1942 732 1976 in
769 1951 1006 1990 conspectum
1034 1944 1178 1979 venisse
1209 1943 1372 1979 Cornelii
1398 1944 1561 1991 Nepotis.
1586 1945 1719 1987 Erunt,

340 2015 432 2049 quos
452 2004 527 2037 haec
547 2003 707 2050 suspicio
727 2004 914 2048 offendet,
934 2005 996 2052 qui
1015 2017 1228 2052 persuasum
1245 2006 1316 2040 sibi
1333 2006 1492 2050 habent,
1511 2005 1720 2040 auctoribus

341 2064 462 2099 latinis
481 2064 621 2099 adituun
639 2065 798 2110 patuisse
818 2066 866 2101 ad
884 2069 1031 2102 Graecos
1053 2080 1202 2110 omnes,
1224 2067 1382 2114 illosque
1401 2068 1492 2102 nulli
1513 2067 1720 2115 pepercisse

341 2138 462 2172 operae
475 2126 542 2159 hos
561 2126 779 2172 perlegendi
792 2134 827 2160 et
841 2127 1054 2173 indagandi.
1069 2128 1142 2162 Sed
1168 2128 1370 2175 cogitemus
1398 2129 1586 2175 ingentem
1612 2129 1721 2164 fuisse

340 2187 485 2234 copiam
500 2187 620 2221 omnis
641 2188 785 2234 generis
800 2188 984 2223 librorum
1003 2196 1037 2223 et
1063 2190 1158 2236 apud
1179 2192 1348 2233 Graecos,
1370 2197 1404 2224 et
1428 2190 1592 2225 Cornelii
1611 2190 1719 2225 etiam

340 2255 508 2294 tempore
528 2248 627 2294 apud
647 2250 837 2284 Romanos
849 2277 858 2293 ‚
878 2262 1035 2297 quorum
1052 2250 1205 2285 minima
1220 2264 1305 2298 pars
1319 2259 1460 2286 aetatem
1478 2252 1581 2295 tulit,
1601 2264 1720 2298 eoque

339 2309 587 2345 difficiliorem
606 2309 714 2344 fuisse
734 2310 926 2345 delectum.
952 2312 1164 2358 Cogitemus
1194 2312 1294 2347 idem
1322 2312 1496 2347 accidisse
1520 2313 1656 2348 Graecis
1680 2325 1721 2347 ac

340 2372 516 2407 Romanis
529 2399 538 2415 ,
549 2372 651 2418 quod
664 2372 773 2407 nobis
785 2400 795 2417 ,
808 2385 983 2420 spernere
995 2386 1266 2420 nonnunquam
1277 2381 1311 2409 et
1323 2374 1510 2421 negligere
1525 2374 1641 2409 libros
1652 2375 1721 2408 bo-

340 2446 407 2468 nos
428 2433 676 2480 antiquiores,
700 2441 735 2468 et
756 2446 825 2481 pro
846 2435 1185 2481 praestantioribus,
1210 2436 1385 2470 novitatis
1405 2436 1542 2483 gratia,
1565 2436 1611 2470 ad
1630 2444 1720 2470 tem-

340 2508 405 2541 pus
440 2495 576 2529 habere
606 2496 720 2540 alios,
754 2497 817 2543 qui
850 2509 978 2533 revera
1013 2504 1117 2532 erant
1152 2497 1306 2532 minoris
1338 2497 1446 2544 pretii
1481 2504 1516 2532 et
1551 2495 1649 2532 fidei.
1683 2497 1720 2531 Si

340 2557 513 2604 exemplo
543 2570 633 2604 opus
661 2565 732 2602 est,
758 2571 924 2605 provoco
954 2559 1000 2594 ad
1027 2572 1088 2603 ea,
1117 2572 1197 2606 quae
1216 2559 1347 2594 Cicero
1370 2559 1465 2594 dixit
1494 2559 1540 2594 de
1571 2559 1721 2594 Catonis

339 2617 571 2664 Originibus,
591 2618 793 2666 eademque
813 2620 1006 2655 occasione
1031 2621 1076 2655 dc
1102 2620 1317 2668 Thucydide
1341 2627 1376 2655 et
1395 2620 1440 2655 (le
1459 2620 1635 2666 Philisto,
1655 2633 1717 2656 ex-
