1859 3310
559 238 608 271 [N
636 235 781 270 VlTAS
809 235 1011 269 EXCELL.
1041 236 1202 269 IMPER.
1490 251 1562 286 229

194 316 418 353 Macedones
440 319 595 354 honoris
620 331 726 354 causa
754 319 956 353 vocabatur
980 317 1027 351 ab
1049 317 1209 352 amicitia
1232 324 1268 352 et
1286 319 1478 355 sodalitate
1499 334 1562 357 re-

194 376 264 422 gia.
279 380 473 414 ARRIANUS
484 406 495 422 ,
516 393 555 413 VI
570 406 580 423 ,
600 379 655 423 18,
668 386 704 413 et
716 379 870 425 passim,
883 386 991 413 vocat
1001 373 1124 415 ‘imm
1140 374 1339 425 ἑταιρικήν,
1363 381 1564 427 equitatum

194 439 397 474 amicorum
417 441 465 476 ad
483 440 649 487 corporis
676 440 866 475 custodem
891 441 1130 476 delectorum.

246 501 330 536 Cn.
350 502 419 536 III.
440 503 492 536 Ei
498 506 610 548 parti
628 503 743 536 Asioe.
760 502 806 537 Id
819 509 872 536 est
894 502 1092 546 Armeniae,
1107 502 1242 537 Ciliciae
1255 509 1291 538 et
1303 502 1565 549 Cappadociae,

192 573 270 596 non
293 569 435 597 servata
454 562 571 608 prima
594 562 799 606 divisione,
822 563 872 597 ob
895 563 1083 597 turbatum
1105 562 1299 598 discordiis
1324 570 1468 598 statum.

244 623 442 669 Europoeis
461 623 692 658 adversariis.
730 622 926 669 Antipatro
961 623 1117 667 scilicet,
1152 624 1323 668 Cratero,
1355 623 1505 658 Pithoni
1531 630 1567 659 et

190 682 355 726 Aridaeo‚
374 684 580 719 Alexandri
605 696 651 719 ex
677 684 748 720 alia
766 691 882 719 matre
901 683 1024 729 fratri,
1043 684 1105 731 qui
1128 692 1255 732 postea
1274 685 1466 731 Philippus
1486 684 1566 720 dic-

189 751 248 778 tus
266 751 331 779 est.
351 745 519 780 LAMBIN.

241 806 493 840 Ptolemaeum.
519 807 613 854 Lagi
637 805 773 852 filium,
800 807 863 855 qui
882 820 927 843 ex
947 809 1116 855 gregario
1135 808 1252 843 milite
1275 808 1372 842 inter
1397 807 1508 842 duces
1531 814 1566 843 et

188 879 418 902 successores
446 868 647 903 Alexandri
671 869 819 904 habitus
850 876 920 914 est,
954 876 1064 916 atque
1095 870 1162 904 illo
1189 875 1340 904 mortuo
1365 869 1566 915 AEgyptum

188 928 398 975 occupavit.
429 930 464 963 A
494 941 568 975 quo
603 937 732 977 postea
766 942 895 965 omnes
927 930 1079 978 AEgypti
1113 942 1219 977 reges
1253 930 1449 964 Ptolemaei
1479 928 1568 963 dicti

187 995 282 1023 sunt.
298 990 485 1025 Connus.
512 993 607 1025 Ante
631 991 721 1025 dicti
743 998 847 1026 erant
874 991 1106 1026 Pharaones.

239 1051 322 1086 CAP.
343 1052 387 1086 V.
417 1051 622 1086 Castellum
646 1053 835 1100 Phrygioe.
861 1054 1001 1087 Noram
1019 1052 1059 1087 in
1079 1051 1325 1099 Cappadociae
1351 1063 1392 1086 ac
1419 1051 1568 1098 Lycao-

186 1112 257 1147 niae
276 1111 412 1147 finibus
431 1125 508 1148 esse
529 1113 658 1148 scribit
676 1114 910 1158 Plutarchus;
934 1120 970 1149 at
989 1126 1079 1149 vero
1095 1114 1200 1160 juxta
1219 1114 1382 1148 Taurum
1400 1119 1567 1148 montem

187 1174 286 1209 locat
312 1174 467 1219 Strabo,
492 1174 557 1209 lib.
584 1187 668 1219 xn,
698 1181 734 1209 et
761 1187 825 1210 sua
859 1182 964 1210 aetate
991 1175 1219 1210 Neroassam
1255 1173 1434 1221 appellari
1466 1173 1567 1208 dicit.

187 1236 376 1271 Comvrm.
404 1238 436 1271 A
464 1233 578 1282 νηρός,
600 1236 796 1281 humidus,
822 1249 944 1272 cavus.

241 1297 289 1331 In
303 1296 376 1331 hac
389 1298 630 1332 conclusione.
651 1297 695 1332 Id
706 1304 777 1342 est,
792 1297 969 1344 quamdiu
981 1298 1054 1333 hoc
1068 1297 1107 1332 in
1126 1297 1276 1332 castello
1296 1296 1488 1331 conclusus
1502 1303 1566 1331 est.

243 1359 321 1393 Uno
341 1360 430 1394 loco.
454 1359 536 1394 Hoc
555 1359 693 1394 seilicet
715 1359 849 1394 eodem
879 1360 1041 1396 castello.

237 1421 321 1455 CAP.
347 1421 429 1456 VII.
464 1422 677 1469 Antigenes.
706 1421 898 1456 Praefectus
924 1420 993 1456 fuit
1021 1434 1103 1456 cum
1122 1422 1303 1456 Teutamo
1328 1415 1399 1455 τῶν
1426 1417 1569 1468 Ἀργυ-

184 1479 408 1528 pao-wlstan
432 1496 511 1530 quae
541 1490 619 1517 erat
643 1483 839 1529 phalangis
870 1495 955 1529 pars
986 1483 1033 1518 ab
1058 1482 1241 1529 argenteis
1267 1482 1405 1529 clypeis
1430 1493 1568 1516 nomen

185 1544 315 1579 sortita
346 1557 353 1578 ε
380 1544 493 1591 igitur
518 1556 596 1578 non
624 1543 693 1578 toti
718 1543 897 1591 phalangi
922 1544 1079 1591 praefuit.
1109 1544 1276 1578 Phalanx
1306 1543 1384 1588 ipsa
1415 1542 1501 1577 satis
1526 1554 1570 1577 ex

186 1608 232 1650 Q.
244 1605 373 1640 Curtio
392 1611 494 1640 nota.
515 1606 724 1640 Tzscnucn.
739 1605 796 1639 Ex
807 1604 980 1655 o'cp‘yva,
992 1612 1203 1652 argentum,
1218 1611 1253 1639 et
1266 1601 1395 1648 ἀσπίς,
1409 1604 1568 1651 clypeus.

238 1668 284 1701 In
298 1667 513 1714 principiis.
535 1667 654 1701 Locus
673 1666 712 1700 in
737 1666 863 1701 castris
881 1668 1080 1714 princeps,
1101 1666 1201 1700 unde
1212 1678 1369 1708 nomen,
1384 1664 1448 1698 ubi
1466 1663 1570 1710 posi-

184 1736 263 1762 tum
296 1735 374 1763 erat
407 1727 643 1775 imperatoris
675 1727 972 1772 tabernaculum,
1002 1735 1037 1763 et
1063 1740 1139 1774 quo
1166 1727 1359 1775 principes
1390 1724 1571 1760 exercitus

184 1802 225 1824 ac
239 1790 350 1825 duces
362 1817 372 1833 ,
392 1789 634 1825 deliberaturi
651 1790 938 1825 conveniebant.

237 1851 320 1886 Cn.
340 1852 443 1886 VIII.
467 1851 622 1886 Culleos.
641 1851 787 1894 Culeos,
810 1864 954 1895 saccos,
975 1852 1085 1887 coriis
1100 1850 1301 1895 conflatos,
1321 1849 1456 1897 quibus
1476 1859 1569 1894 aqua

183 1924 252 1959 per
268 1912 409 1947 aridam
430 1911 670 1947 solitudinem
688 1913 970 1947 conveheretur.

235 1975 340 2021 Ignis
359 1975 397 2008 in
416 1974 559 2008 castris.
580 1975 638 2009 Ne
662 1974 804 2021 ignium
829 1974 976 2009 indiciis
995 1974 1219 2021 proderetur
1243 1974 1435 2009 adventus.
1460 1972 1571 2020 Ignes

184 2042 389 2070 nocturnos
408 2035 601 2082 intelligit,
626 2036 689 2082 qui
713 2036 752 2070 in
773 2036 899 2070 castris
918 2035 998 2071 fieri
1017 2036 1198 2071 solebant.

237 2097 320 2132 CAP.
341 2097 411 2131 IX.
436 2097 565 2131 Prima
585 2104 699 2132 nocte.
725 2097 846 2131 Prima
872 2097 970 2131 enim
994 2097 1120 2144 vigilia
1140 2097 1322 2132 exercitus
1341 2097 1490 2144 vigilan
1512 2109 1572 2133 se-

187 2158 307 2193 cunda
322 2158 400 2204 jam
424 2170 558 2193 somno
582 2165 706 2202 vacat3
732 2164 769 2193 at
793 2158 918 2201 tertia,
950 2158 1079 2205 vigiles
1098 2165 1259 2201 tantum,
1283 2158 1421 2193 caeteris
1442 2158 1569 2205 quies-

185 2220 372 2264 centibus,
396 2219 483 2267 igne
508 2226 671 2253 utuntur.
707 2220 798 2254 Tres
823 2220 861 2253 in
892 2219 1037 2267 vigilias
1060 2219 1194 2264 Graeci,
1222 2219 1261 2254 in
1295 2225 1454 2266 quatuor
1479 2230 1571 2254 vero

186 2281 348 2316 Romani
366 2288 515 2316 noctem
536 2280 704 2315 dividere
726 2280 908 2315 solebant.

239 2344 322 2378 CM).
337 2344 386 2378 X.
407 2343 556 2378 Invidia
574 2343 718 2376 ducum.
739 2343 924 2385 Peucetae‚
951 2341 1166 2388 Antigonis‚
1189 2340 1377 2385 Teutami,
1396 2340 1570 2384 Eudami,

186 2404 375 2440 Phaedrini
396 2411 432 2439 et
450 2404 619 2438 aliorum.
640 2403 808 2437 LAMBIN.

240 2466 427 2508 Seleucus,
454 2464 720 2512 Lysimachus,
753 2465 987 2499 Ptolemaeus.
1019 2465 1191 2499 Seleucus
1222 2464 1372 2499 tenebat
1402 2464 1568 2510 Babylo—-

190 2528 308 2571 niam,
326 2526 563 2574 Lysimachus
586 2525 802 2568 Thraciam,
820 2526 1038 2560 Ptolemaeus
1054 2526 1273 2572 AEgyptum‚
1293 2531 1332 2558 ut
1350 2524 1459 2559 docet
1478 2524 1570 2560 Dio-

189 2589 323 2632 dorus,
347 2600 474 2629 xvux,
501 2587 522 2621 3
549 2594 585 2621 et
613 2586 673 2634 39.
695 2587 904 2621 Tzschcx.

243 2648 325 2683 Car.
350 2647 416 2682 XI.
444 2646 649 2691 Proefectus
672 2648 857 2682 custodum
883 2647 1086 2694 quaesisset.
1113 2647 1259 2682 Scilicet
1291 2647 1338 2681 ab
1365 2646 1567 2692 Antigono.
