1859 3310
341 202 408 245 ¹95*
689 196 893 231 JOANNIS
925 196 1071 230 HENR.
1103 196 1353 231 SCHLEGEL

336 280 452 315 nostri
477 280 590 315 seculi
616 279 683 314 viri
711 279 866 323 eruditi,
891 286 929 313 ut
954 279 1108 314 studiosi
1137 279 1339 314 litterarum
1368 279 1708 314 animadversiones

336 343 411 388 ejus
434 349 607 390 tanquam
626 341 814 388 speculum
834 341 920 375 artis
940 341 1186 387 grammaticae
1206 340 1386 387 inspicere
1402 340 1627 386 jubeantur?
1644 341 1710 375 Di-

336 405 383 439 cit
415 417 445 439 e.
471 416 504 452 g.
535 403 662 438 Bosius
688 402 726 436 in
752 408 877 435 annot.
903 401 951 435 ad
975 401 1109 436 Timol.
1137 414 1206 445 111,
1235 414 1256 436 2
1279 414 1286 435 ε
1321 402 1426 435 Totoe
1453 402 1596 445 insulae,
1629 413 1708 436 non

334 467 416 509 toti,
437 465 556 500 recte!
578 474 740 498 asserens
758 461 795 496 id
814 469 942 496 contra
955 473 992 496 se
1014 462 1134 508 ipsum
1152 461 1353 511 (habuerat
1373 462 1471 497 enim
1491 462 1529 496 in
1544 462 1710 497 editione

335 527 459 574 priore
489 524 586 573 toti),
623 531 658 558 et
692 529 823 558 contra
855 521 967 557 fidem
999 523 1181 558 librorum
1211 524 1285 559 fere
1317 524 1495 559 omnium.
1526 525 1711 558 Monstrat

336 588 431 623 enim
453 586 597 621 libellus
611 584 864 619 Fischerianus
875 611 885 628 ,
903 584 1022 618 solum
1036 584 1201 619 codicem
1221 586 1457 621 Gifanianum
1471 586 1592 633 legere
1606 593 1709 628 τοίω,

335 656 369 683 et
383 647 613 682 adducuntur
627 652 754 680 contra
774 657 816 680 ea
829 645 1005 680 tredecim
1025 652 1099 679 tam
1117 646 1262 681 codices
1280 659 1388 693 quam
1403 647 1602 691 editiones,
1623 659 1712 682 con-

335 709 532 744 sentientes
545 708 583 742 in
596 708 670 742 toti.
685 707 766 742 Pari
784 707 900 741 modo
919 707 1079 753 praetulit
1097 707 1226 742 Bosius
1246 709 1336 755 Reg.
1360 720 1393 742 11
1405 722 1463 752 ,=1‚
1483 709 1681 744 lectionem
1703 722 1710 743 :

334 770 382 805 11¹1
413 770 487 804 fere
518 769 663 803 fuerunt
693 768 850 803 Groecioe
873 768 991 815 gentis
1025 768 1145 803 duces.
1175 770 1324 812 Fateor,
1353 769 1425 816 legi
1459 771 1569 805 etiam
1601 771 1650 806 ita
1675 771 1713 806 in

335 831 499 865 editione
532 829 721 876 principe3
751 828 816 863 sed
853 829 1000 875 legunt,
1037 830 1182 864 Groecoe
1213 828 1349 876 gemb,
1382 837 1515 877 praeter
1548 831 1713 866 codicem

335 892 594 934 Thottianum,
609 891 853 926 Boeclerianus
872 897 908 925 et
924 890 1157 935 Axenianus;
1177 898 1211 925 et
1231 890 1310 937 quis
1328 903 1406 925 non
1420 891 1537 936 videt,
1552 893 1624 928 hoc
1638 905 1714 928 esse

334 953 495 989 rectius?
517 954 609 988 Tam
634 964 756 999 pravae
779 951 866 986 artis
889 952 1101 999 corrigendi
1125 965 1229 988 usum
1252 953 1437 1001 perspicio
1462 954 1620 997 nullum,
1644 953 1716 988 nisi

335 1023 374 1052 ut
399 1027 510 1063 vaga,
535 1015 676 1050 ineerta
705 1021 740 1049 et
764 1026 891 1060 aspera
919 1013 1124 1049 reddantur
1149 1015 1330 1050 elementa
1354 1015 1488 1062 linguae
1516 1015 1654 1060 latinae,
1681 1022 1716 1051 et

336 1084 372 1112 ut
391 1077 497 1124 nugis
523 1076 769 1120 detineantur,
793 1073 1142 1123 difficultatibusque
1164 1076 1401 1124 implicentur
1418 1077 1544 1124 pueri,
1570 1077 1717 1112 utilissi-

334 1151 435 1173 mum
458 1145 645 1173 auctorem
670 1138 844 1184 legentes.

386 1200 450 1234 ΙΙΙ.
472 1198 693 1246 Negandum
717 1198 867 1246 quidem
894 1210 973 1233 non
992 1204 1060 1243 est,
1079 1198 1277 1246 scriptores
1296 1206 1437 1235 veteres
1456 1200 1591 1235 latinos
1610 1211 1716 1234 usur-

336 1273 440 1308 passe
464 1271 734 1306 nonnunquam
753 1271 862 1294 voces
884 1259 1062 1302 rariores,
1085 1259 1296 1295 adhibuisse
1320 1260 1430 1296 etiam
1454 1262 1616 1305 Graecas,
1643 1274 1717 1308 quo

336 1322 537 1357 accuratius
555 1333 634 1355 rem
659 1320 958 1355 demonstrarent
983 1320 1125 1355 civibus
1144 1321 1216 1355 suis
1240 1334 1370 1368 parum
1389 1329 1527 1356 notam.
1553 1322 1626 1357 Sed
1643 1335 1717 1357 vo-

337 1395 394 1418 ces
419 1383 466 1418 ab
486 1395 553 1417 usu
574 1382 708 1428 linguae
734 1381 855 1415 latinae
879 1381 1017 1416 alienas
1039 1381 1078 1415 in
1096 1381 1217 1417 nitido
1240 1390 1389 1417 auctore
1413 1390 1550 1418 temere
1581 1384 1717 1418 admit-

337 1444 465 1479 tendas
486 1443 585 1478 haud
606 1449 708 1489 puto.
729 1442 851 1477 Habet
870 1455 900 1478 e.
921 1454 954 1490 g.
980 1442 1095 1478 editio
1115 1443 1288 1488 Bosiana,
1310 1450 1346 1479 et
1369 1451 1526 1491 quatuor
1549 1445 1619 1479 illae
1639 1457 1719 1492 quae

337 1517 418 1540 eam
441 1511 654 1552 sequuntur,
673 1504 802 1538 Thras.
826 1516 880 1548 11,
909 1516 948 1548 2,
972 1507 1204 1549 Actoeorum,·
1230 1506 1368 1541 habent
1390 1505 1545 1549 eaedem,
1565 1513 1719 1553 excepta

338 1566 650 1614 Heusingerfflna,
675 1565 792 1600 Alcib.
821 1578 880 1610 lv,
911 1565 954 1610 3,
982 1567 1142 1601 Trierem
1167 1578 1188 1601 a
1210 1568 1338 1602 Graeco
1365 1564 1516 1612 τριήρης.
1533 1568 1720 1615 Legerunt

337 1635 421 1663 ante
444 1628 592 1663 Bosium
613 1626 794 1662 editiones
814 1627 962 1674 optimae
979 1627 1036 1661 his
1056 1627 1094 1662 in
1113 1627 1222 1672 locis,
1241 1629 1445 1663 Atticorum
1464 1635 1499 1664 et
1517 1630 1716 1671 triremem,

339 1703 416 1737 quae
434 1690 550 1725 verba
568 1689 668 1724 idem
686 1687 911 1736 significant,
923 1689 1114 1736 multoque
1133 1689 1249 1737 magis
1263 1690 1342 1725 usui
1362 1697 1397 1725 et
1409 1689 1463 1725 rei
1482 1689 1553 1737 ipsi
1565 1702 1720 1738 respon-

339 1752 438 1787 dent.
464 1750 697 1786 Confirmant
720 1751 786 1785 has
811 1750 989 1785 lectiones
1014 1750 1129 1786 editio
1157 1751 1348 1798 princeps,
1376 1759 1426 1795 et,
1453 1758 1586 1799 praeter
1609 1751 1720 1794 alios,

339 1813 455 1848 codex
475 1812 707 1847 Thottianus.
723 1812 815 1856 Quis
834 1824 914 1846 non
932 1812 1074 1856 credat,
1087 1812 1138 1847 ita
1157 1813 1342 1860 scripsisse
1355 1813 1476 1861 ipsum
1490 1813 1721 1858 Cornelium,

339 1882 374 1909 et
402 1873 698 1909 immutationem
719 1885 915 1920 perperam
940 1886 960 1908 a
980 1874 1090 1909 Bosio
1114 1886 1190 1909 esse
1213 1874 1375 1909 factam?

391 1936 453 1970 lv.
474 1935 707 1971 Lectitabant
725 1941 868 1970 veteres
887 1935 1022 1979 Graeci,
1042 1942 1077 1970 et
1095 1936 1217 1970 Latini
1236 1936 1346 1971 etiam
1365 1936 1567 1979 doctiores,
1586 1937 1722 1971 Home-

340 2010 436 2041 rum,
468 2010 510 2032 ea
536 1997 748 2044 diligentia,
778 2004 816 2032 ut
843 1996 1021 2032 memoria
1057 2009 1162 2044 paene
1192 2005 1360 2033 tenerent
1390 1998 1613 2033 immortalia
1646 1997 1721 2043 ejus

341 2065 522 2105 poemata.
544 2058 636 2093 Ideo
664 2070 741 2092 non
766 2058 918 2102 mirum,
939 2059 969 2093 si
989 2071 1071 2093 eum
1096 2059 1248 2094 citantes
1273 2059 1497 2106 quandoque
1520 2059 1557 2094 in
1582 2059 1722 2094 voculis

342 2127 401 2154 aut
412 2120 521 2155 rebus
544 2119 695 2154 minutis
716 2127 894 2154 errarunt.
922 2120 1063 2154 Accidit
1087 2120 1126 2155 id
1148 2121 1283 2168 Nepoti
1302 2121 1339 2155 in
1359 2121 1434 2155 vita
1452 2121 1635 2165 Datamis‚
1658 2121 1722 2156 ubi

341 2181 484 2228 Thyum
504 2187 685 2215 memorat
709 2187 836 2216 natum
861 2180 1013 2227 antiquo
1040 2193 1174 2227 genere
1197 2182 1244 2216 ab
1264 2182 1328 2217 illo
1352 2184 1588 2229 Pyloemene,
1613 2195 1722 2229 quem

339 2242 524 2278 Homerus
559 2242 677 2277 troico
711 2242 812 2276 bello
851 2255 870 2276 a
901 2243 1075 2277 Patroclo
1108 2243 1339 2278 interfectum
1377 2244 1438 2279 ait.
1470 2245 1646 2292 Respexit
1675 2244 1721 2279 ad

340 2303 447 2339 Iliad.
486 2304 510 2339 l.
537 2316 578 2348 v,
601 2316 634 2338 v.
663 2303 735 2348 576
750 2324 801 2330 —-
817 2302 901 2351 579.
926 2304 985 2338 Ibi
1006 2312 1233 2339 memoratur
1262 2306 1484 2353 Pylaemenes
1509 2306 1720 2353 Paphlago-

341 2378 429 2400 num
450 2363 681 2415 μεγαθύμων
709 2362 904 2401 &ems-dem
929 2366 1121 2414 princeps,
1146 2366 1358 2402 interfectus
1383 2380 1403 2402 a
1428 2368 1621 2410 Menelao,
1644 2379 1721 2402 non

340 2438 360 2460 a
377 2428 565 2472 Patroclo,
591 2427 653 2474 qui
675 2434 753 2462 tum
779 2427 928 2463 Achillis
947 2440 1070 2463 comes
1089 2435 1125 2463 et
1147 2439 1279 2475 pugnae
1302 2440 1432 2475 expers
1455 2435 1543 2464 erat.
1562 2429 1647 2463 Non
1667 2427 1720 2462 fe—

340 2487 432 2522 fellit
450 2487 664 2524 Cornelium
681 2489 880 2533 memoria,
899 2489 938 2524 in
957 2489 1000 2524 iis
1021 2502 1100 2537 quae
1118 2491 1278 2526 maxime
1297 2490 1344 2525 ad
1368 2502 1447 2524 rem
1466 2490 1720 2524 illustrandam

340 2547 535 2585 faciebant.
555 2552 611 2585 De
637 2551 744 2598 Thyo
766 2551 1046 2598 Paphlagonum
1069 2552 1238 2599 principe
1261 2552 1434 2598 loquens,
1463 2551 1649 2593 meminit,
1676 2564 1719 2585 cx

341 2611 505 2647 Homero
527 2612 766 2659 comprobari
791 2625 920 2660 posse,
941 2612 1018 2658 jam
1043 2613 1134 2647 olim
1157 2613 1413 2660 Paphlagones
1436 2612 1508 2647 suis
1532 2625 1616 2647 usos
1643 2625 1719 2648 esse
