1859 3310
381 206 610 241 CORNELII
638 204 846 240 NEPOTIS
875 202 1159 239 AGESJLAUS.
1403 204 1449 250 85)

147 291 204 333 ΙΙ.
222 290 324 345 Hic,
340 288 466 333 simul
490 298 619 347 atque
641 287 812 346 imperii
835 287 997 346 potitus
1024 296 1107 342 est,
1133 286 1347 345 persuasit
1365 289 1450 329 La-

85 368 355 412 ‹redaemoniis
380 378 429 410 ut
452 367 687 410 exercitum
713 366 963 408 emitterent
994 366 1037 408 in
1069 366 1240 419 Asiam,
1268 363 1452 407 bellum-

85 463 168 506 que
206 447 297 507 regi
324 446 533 499 facerent,
562 444 722 488 docens
753 445 886 487 satius
917 461 1008 488 esse
1040 445 1084 487 in
1110 444 1211 488 Asia
1246 459 1376 503 quam
1407 443 1449 484 in

84 528 259 586 Europa
275 526 493 569 dimicare.
509 526 710 584 Namque
727 524 841 567 fama
856 525 1019 568 exierat
1035 526 1322 568 Artaxerxem
1339 539 1452 566 com-

86 621 237 665 parare
261 603 435 660 classes,
450 603 757 664 pedestresque
785 604 1020 659 exereitus,
1045 620 1152 663 quos
1173 604 1217 646 in
1236 603 1448 647 Graeciam

86 685 288 728 mitteret.
298 683 412 728 Data
426 692 658 744 potestate,
680 692 801 726 tanta
815 682 1034 727 celeritate
1049 700 1151 726 usus
1172 693 1251 736 est,
1265 692 1312 725 ut
1329 684 1449 742 prius

86 764 128 806 in
150 763 296 807 Asiam
317 779 416 806 eum
441 762 577 822 copiis
592 762 860 822 pervenerit,
875 778 1005 821 quam
1021 762 1128 822 regii
1147 772 1327 821 satrapa}
1347 778 1447 804 eum

87 842 248 886 scirent
272 841 542 902 profectum3
571 858 658 901 quo
682 841 844 885 factum
869 850 932 885 est
961 851 1012 884 ut
1037 858 1186 884 omnes
1214 842 1449 901 imparatos

86 921 470 981 imprudentesque
494 920 746 965 offenderet.
766 920 817 964 Id
839 930 888 963 ut
905 920 1111 980 cognovit
1128 919 1448 979 Tissaphernes.

86 1001 160 1059 qui
185 1017 403 1043 summum
425 1000 656 1060 imperium
680 1009 772 1042 tum
793 1000 906 1042 inter
928 998 1151 1059 praefectos
1178 998 1365 1041 habebat
1382 1014 1449 1040 re-

87 1079 202 1139 gios,
226 1077 421 1122 inducias
450 1095 473 1121 a
496 1080 670 1121 Lacone
702 1078 874 1137 petivit,
907 1076 1113 1120 simulans
1141 1093 1183 1120 se
1224 1077 1326 1120 dare
1349 1093 1451 1136 ope-

86 1174 176 1202 ram
206 1166 254 1200 ut
279 1156 618 1200 Lacaedemoniis
648 1173 748 1200 eum
779 1172 880 1216 rege
909 1156 1189 1212 conveniret,
1221 1172 1268 1199 re
1302 1165 1447 1199 autem

87 1253 187 1281 vera
219 1237 273 1280 ad
297 1237 443 1297 copias
468 1236 807 1296 eoinparandas3
831 1252 988 1296 easque
1012 1235 1262 1296 impetravit
1288 1236 1452 1278 trimes-

88 1326 185 1360 tres.
216 1317 385 1360 Juravit
413 1326 555 1359 autem
585 1326 768 1375 uterque
802 1332 845 1359 se
871 1316 961 1358 sine
987 1314 1086 1358 dolo
1116 1314 1311 1359 inducias
1348 1331 1452 1357 con-

87 1405 384 1451 servaturum3
414 1396 459 1438 in
484 1412 569 1455 qua
599 1396 801 1455 pactione
824 1411 991 1438 summa
1015 1394 1098 1437 fide
1122 1395 1282 1437 mansit
1302 1395 1452 1454 Agesi-

90 1473 181 1518 laus
210 1491 218 1517 :
246 1484 397 1517 contra
428 1491 477 1517 ea
507 1474 816 1534 Tissaphernes
844 1473 951 1516 nihil
981 1473 1098 1516 aliud
1133 1490 1262 1533 quam
1288 1472 1449 1516 bellum

89 1555 369 1614 comparavit.
397 1553 449 1596 ld
476 1555 554 1597 etsi
583 1554 796 1598 sentiebat
819 1556 955 1609 Laco,
979 1562 1121 1596 tamen
1144 1553 1450 1613 jusjurandum

88 1633 305 1688 servabat,
329 1631 606 1691 multumque
631 1634 674 1675 in
698 1649 748 1675 co
772 1650 815 1675 se
845 1633 1051 1691 consequi
1075 1632 1266 1685 dicebat,
1293 1652 1313 1672 «
1335 1632 1452 1691 quod

87 1712 395 1771 Tissaphernes
419 1712 612 1772 perjurio
634 1728 711 1755 suo
736 1721 779 1754 et
804 1712 1000 1754 homines
1023 1712 1110 1754 suis
1141 1712 1270 1754 rebus
1298 1710 1454 1754 abalie-

91 1801 233 1844 naret,
254 1801 298 1834 et
312 1790 414 1834 deos
434 1792 514 1835 sibi
540 1792 671 1835 iratos
694 1791 921 1844 redderet,
947 1808 991 1834 se
1009 1801 1177 1847 autem,
1198 1801 1367 1833 servata
1388 1807 1454 1833 re-

90 1870 267 1931 ligione,
313 1871 571 1914 confirmare
613 1871 871 1925 exercitum,
917 1887 1052 1929 quum
1092 1870 1455 1913 animadverteret

91 1951 270 1994 deorum
297 1968 459 1994 numen
479 1950 618 1994 facere
639 1967 787 1994 secum
801 1985 812 2004 ,
832 1951 1115 2010 hominesque
1137 1951 1216 1993 sibi
1231 1949 1454 1993 conciliari

89 2031 335 2087 amiciores,
376 2031 493 2091 quod
526 2031 593 2074 his
628 2030 801 2074 studere
834 2040 1111 2074 consuessent
1145 2046 1253 2090 quos
1286 2046 1456 2073 conser-

89 2126 190 2153 vare
214 2110 344 2153 fidem
372 2110 582 2154 viderent.
606 2130 626 2151 n

153 2191 232 2232 ΠΙ.
267 2191 504 2249 Postquam
536 2190 812 2233 induciarum
842 2192 1048 2250 praeteriit
1081 2191 1193 2246 dies,
1223 2190 1454 2244 barbarus,

92 2285 179 2312 non
207 2268 430 2324 dubitans,
461 2269 574 2328 quod
611 2270 745 2329 ipsius
779 2279 901 2312 erant
937 2269 1124 2329 plurima
1155 2269 1375 2312 domicilia
1413 2270 1455 2311 in

91 2349 241 2404 Caria,
270 2358 314 2391 et
346 2365 395 2391 ea
425 2349 543 2409 regio
569 2349 635 2392 his
664 2349 932 2408 temporibus
965 2348 1100 2392 multo
1134 2349 1370 2408 putabatur
1394 2348 1456 2391 lo-

93 2427 406 2489 cupletissima,
436 2445 487 2471 eo
517 2428 788 2487 potissimum
818 2428 962 2471 hostes
1000 2428 1211 2487 impetum
1240 2427 1455 2479 facturos,

92 2523 242 2550 omnes
266 2523 363 2550 suas
388 2508 534 2567 copias
562 2524 612 2550 eo
633 2517 921 2550 contraxerat.
948 2509 1005 2550 At.
1028 2506 1251 2567 Agesilaus
1266 2507 1308 2549 in
1326 2508 1458 2567 Phry*-

93 2587 207 2646 giam
228 2602 273 2630 se
299 2587 537 2639 convertit,
569 2602 750 2645 eamque
774 2587 892 2646 prius
916 2585 1204 2646 dep‹‘)pulatus
1231 2594 1295 2629 est
1325 2603 1456 2645 quam
