<?xml version="1.0" encoding="UTF-8"?>
<!DOCTYPE html PUBLIC "-//W3C//DTD XHTML 1.0 Transitional//EN"
    "http://www.w3.org/TR/xhtml1/DTD/xhtml1-transitional.dtd">
<html xmlns="http://www.w3.org/1999/xhtml" xml:lang="en" lang="en">
 <head>
  <title>
</title>
<meta http-equiv="Content-Type" content="text/html;charset=utf-8" />
  <meta name='ocr-system' content='tesseract 3.04.00' />
  <meta name='ocr-capabilities' content='ocr_page ocr_carea ocr_par ocr_line ocrx_word'/>
</head>
<body>
  <div class='ocr_page' id='page_1' title='image "./operanepo00nepouoft_0259.png"; bbox 0 0 1859 3310; ppageno 0'>
   <div class='ocr_carea' id='block_1_1' title="bbox 732 442 962 497">
    <p class='ocr_par' dir='ltr' id='par_1_1' title="bbox 732 442 962 497">
     <span class='ocr_line' id='line_1_1' title="bbox 732 442 962 497; baseline 0.004 -1"><span class='ocrx_word' id='word_1_1' title='bbox 732 442 962 497; x_wconf 87' lang='lat' dir='ltr'><strong>NOTAE</strong></span> 
     </span>
    </p>
   </div>
   <div class='ocr_carea' id='block_1_2' title="bbox 373 611 1316 659">
    <p class='ocr_par' dir='ltr' id='par_1_2' title="bbox 373 611 1316 659">
     <span class='ocr_line' id='line_1_2' title="bbox 373 611 1316 659; baseline 0.003 -5"><span class='ocrx_word' id='word_1_2' title='bbox 373 612 442 656; x_wconf 90' lang='lat' dir='ltr'><strong>IN</strong></span> <span class='ocrx_word' id='word_1_3' title='bbox 485 611 532 654; x_wconf 91' lang='lat' dir='ltr'><strong>C.</strong></span> <span class='ocrx_word' id='word_1_4' title='bbox 573 611 856 655; x_wconf 90' lang='lat' dir='ltr'><strong>NEPOTIS</strong></span> <span class='ocrx_word' id='word_1_5' title='bbox 895 612 1316 659; x_wconf 80' lang='lat' dir='ltr'><strong>FRAGMENTA.</strong></span> 
     </span>
    </p>
   </div>
   <div class='ocr_carea' id='block_1_3' title="bbox 152 1015 1533 1125">
    <p class='ocr_par' dir='ltr' id='par_1_3' title="bbox 152 1015 1533 1125">
     <span class='ocr_line' id='line_1_3' title="bbox 205 1015 1533 1063; baseline 0.004 -14"><span class='ocrx_word' id='word_1_6' title='bbox 205 1015 442 1063; x_wconf 70' lang='lat' dir='ltr'><strong>Fragmenta.</strong></span> <span class='ocrx_word' id='word_1_7' title='bbox 466 1015 628 1063; x_wconf 84' lang='lat' dir='ltr'><strong>Collegit</strong></span> <span class='ocrx_word' id='word_1_8' title='bbox 655 1028 697 1051; x_wconf 84' lang='lat' dir='ltr'><strong>ea</strong></span> <span class='ocrx_word' id='word_1_9' title='bbox 720 1015 882 1063; x_wconf 87' lang='lat' dir='ltr'><strong>primum</strong></span> <span class='ocrx_word' id='word_1_10' title='bbox 899 1016 1092 1062; x_wconf 84' lang='lat' dir='ltr'><strong>Schottus‚</strong></span> <span class='ocrx_word' id='word_1_11' title='bbox 1115 1017 1201 1052; x_wconf 87' lang='lat' dir='ltr'><strong>dein</strong></span> <span class='ocrx_word' id='word_1_12' title='bbox 1226 1017 1437 1054; x_wconf 84' lang='lat' dir='ltr'><strong>emendavit</strong></span> <span class='ocrx_word' id='word_1_13' title='bbox 1457 1019 1533 1054; x_wconf 88' lang='lat' dir='ltr'><strong>Bo-</strong></span> 
     </span>
     <span class='ocr_line' id='line_1_4' title="bbox 152 1076 945 1125; baseline 0.001 -13"><span class='ocrx_word' id='word_1_14' title='bbox 152 1076 243 1120; x_wconf 82' lang='lat' dir='ltr'><strong>sius,</strong></span> <span class='ocrx_word' id='word_1_15' title='bbox 262 1076 362 1112; x_wconf 85' lang='lat' dir='ltr'><strong>auxit</strong></span> <span class='ocrx_word' id='word_1_16' title='bbox 389 1076 549 1124; x_wconf 86' lang='lat' dir='ltr'><strong>denique</strong></span> <span class='ocrx_word' id='word_1_17' title='bbox 567 1078 589 1112; x_wconf 90' lang='lat' dir='ltr'>J</span> <span class='ocrx_word' id='word_1_18' title='bbox 593 1104 600 1111; x_wconf 90' lang='lat'><strong>.</strong></span> <span class='ocrx_word' id='word_1_19' title='bbox 620 1078 660 1113; x_wconf 88' lang='lat' dir='ltr'><strong>F.</strong></span> <span class='ocrx_word' id='word_1_20' title='bbox 685 1076 945 1125; x_wconf 88' lang='lat' dir='ltr'><strong>Heusingerus.</strong></span> 
     </span>
    </p>
   </div>
   <div class='ocr_carea' id='block_1_4' title="bbox 541 1192 1144 1222">
    <p class='ocr_par' dir='ltr' id='par_1_4' title="bbox 541 1192 1144 1222">
     <span class='ocr_line' id='line_1_5' title="bbox 541 1192 1144 1222; baseline -0.002 -2"><span class='ocrx_word' id='word_1_21' title='bbox 541 1192 589 1221; x_wconf 89' lang='lat' dir='ltr'><strong>IN</strong></span> <span class='ocrx_word' id='word_1_22' title='bbox 622 1192 960 1222; x_wconf 87' lang='lat' dir='ltr'>CHRONICORUM</span> <span class='ocrx_word' id='word_1_23' title='bbox 993 1194 1076 1222; x_wconf 89' lang='lat' dir='ltr'>LIB.</span> <span class='ocrx_word' id='word_1_24' title='bbox 1116 1194 1144 1222; x_wconf 90' lang='lat'><strong>1.</strong></span> 
     </span>
    </p>
   </div>
   <div class='ocr_carea' id='block_1_5' title="bbox 205 1287 1024 1337">
    <p class='ocr_par' dir='ltr' id='par_1_5' title="bbox 205 1287 1024 1337">
     <span class='ocr_line' id='line_1_6' title="bbox 205 1287 1024 1337; baseline 0.005 -13"><span class='ocrx_word' id='word_1_25' title='bbox 205 1287 327 1325; x_wconf 80' lang='lat' dir='ltr'><strong>Peuoe</strong></span> <span class='ocrx_word' id='word_1_26' title='bbox 349 1290 472 1326; x_wconf 81' lang='lat' dir='ltr'><strong>oritur.</strong></span> <span class='ocrx_word' id='word_1_27' title='bbox 496 1290 595 1327; x_wconf 88' lang='lat' dir='ltr'><strong>Hinc</strong></span> <span class='ocrx_word' id='word_1_28' title='bbox 617 1291 829 1337; x_wconf 89' lang='lat' dir='ltr'><strong>Juvenalis‚</strong></span> <span class='ocrx_word' id='word_1_29' title='bbox 854 1304 895 1337; x_wconf 86' lang='lat' dir='ltr'><strong>x,</strong></span> <span class='ocrx_word' id='word_1_30' title='bbox 924 1291 996 1328; x_wconf 89' lang='lat'><strong>168</strong></span> <span class='ocrx_word' id='word_1_31' title='bbox 1015 1304 1024 1328; x_wconf 91' lang='lat'><strong>:</strong></span> 
     </span>
    </p>
   </div>
   <div class='ocr_carea' id='block_1_6' title="bbox 458 1383 1112 1426">
    <p class='ocr_par' dir='ltr' id='par_1_6' title="bbox 458 1383 1112 1426">
     <span class='ocr_line' id='line_1_7' title="bbox 458 1383 1112 1426; baseline 0.005 -12"><span class='ocrx_word' id='word_1_32' title='bbox 458 1385 547 1415; x_wconf 90' lang='lat' dir='ltr'><strong>Unus</strong></span> <span class='ocrx_word' id='word_1_33' title='bbox 565 1384 675 1416; x_wconf 85' lang='lat' dir='ltr'><strong>Pellaeo</strong></span> <span class='ocrx_word' id='word_1_34' title='bbox 687 1383 797 1426; x_wconf 82' lang='lat' dir='ltr'><strong>juveni</strong></span> <span class='ocrx_word' id='word_1_35' title='bbox 811 1394 876 1416; x_wconf 90' lang='lat' dir='ltr'><strong>non</strong></span> <span class='ocrx_word' id='word_1_36' title='bbox 888 1383 1003 1417; x_wconf 82' lang='lat' dir='ltr'><strong>sufficit</strong></span> <span class='ocrx_word' id='word_1_37' title='bbox 1017 1384 1112 1417; x_wconf 67' lang='lat' dir='ltr'><strong>orbus.</strong></span> 
     </span>
    </p>
   </div>
   <div class='ocr_carea' id='block_1_7' title="bbox 546 1492 1140 1522">
    <p class='ocr_par' dir='ltr' id='par_1_7' title="bbox 546 1492 1140 1522">
     <span class='ocr_line' id='line_1_8' title="bbox 546 1492 1140 1522; baseline 0 -2"><span class='ocrx_word' id='word_1_38' title='bbox 546 1492 593 1521; x_wconf 89' lang='lat' dir='ltr'><strong>IN</strong></span> <span class='ocrx_word' id='word_1_39' title='bbox 623 1492 937 1522; x_wconf 85' lang='lat' dir='ltr'><strong>EXEMPLORUM</strong></span> <span class='ocrx_word' id='word_1_40' title='bbox 971 1493 1057 1522; x_wconf 89' lang='lat' dir='ltr'>LIB.</span> <span class='ocrx_word' id='word_1_41' title='bbox 1092 1493 1140 1522; x_wconf 89' lang='lat'><strong>11.</strong></span> 
     </span>
    </p>
   </div>
   <div class='ocr_carea' id='block_1_8' title="bbox 152 1588 1540 1760">
    <p class='ocr_par' dir='ltr' id='par_1_8' title="bbox 152 1588 1540 1760">
     <span class='ocr_line' id='line_1_9' title="bbox 205 1588 1540 1640; baseline 0.002 -15"><span class='ocrx_word' id='word_1_42' title='bbox 205 1592 242 1625; x_wconf 84' lang='lat' dir='ltr'><em>A</em></span> <span class='ocrx_word' id='word_1_43' title='bbox 270 1588 415 1638; x_wconf 77' lang='lat' dir='ltr'><strong>virgine</strong></span> <span class='ocrx_word' id='word_1_44' title='bbox 435 1592 589 1626; x_wconf 81' lang='lat' dir='ltr'><em>vestale.</em></span> <span class='ocrx_word' id='word_1_45' title='bbox 622 1591 659 1624; x_wconf 90' lang='lat' dir='ltr'><em>V</em></span> <span class='ocrx_word' id='word_1_46' title='bbox 655 1593 773 1626; x_wconf 74' lang='lat' dir='ltr'><strong>estate</strong></span> <span class='ocrx_word' id='word_1_47' title='bbox 798 1603 868 1638; x_wconf 88' lang='lat' dir='ltr'><strong>pro</strong></span> <span class='ocrx_word' id='word_1_48' title='bbox 893 1591 1043 1627; x_wconf 82' lang='lat' dir='ltr'><strong>vestali.</strong></span> <span class='ocrx_word' id='word_1_49' title='bbox 1070 1591 1155 1627; x_wconf 90' lang='lat' dir='ltr'><strong>Hoc</strong></span> <span class='ocrx_word' id='word_1_50' title='bbox 1179 1593 1389 1640; x_wconf 86' lang='lat' dir='ltr'><strong>exemplum</strong></span> <span class='ocrx_word' id='word_1_51' title='bbox 1417 1592 1540 1628; x_wconf 76' lang='lat' dir='ltr'><strong>attulit</strong></span> 
     </span>
     <span class='ocr_line' id='line_1_10' title="bbox 154 1650 1540 1701; baseline 0.001 -14"><span class='ocrx_word' id='word_1_52' title='bbox 154 1650 339 1687; x_wconf 83' lang='lat' dir='ltr'>Charisius</span> <span class='ocrx_word' id='word_1_53' title='bbox 372 1657 412 1686; x_wconf 87' lang='lat' dir='ltr'><strong>ut</strong></span> <span class='ocrx_word' id='word_1_54' title='bbox 442 1651 594 1687; x_wconf 89' lang='lat' dir='ltr'><strong>doceret</strong></span> <span class='ocrx_word' id='word_1_55' title='bbox 625 1651 830 1688; x_wconf 83' lang='lat' dir='ltr'>ablativum</span> <span class='ocrx_word' id='word_1_56' title='bbox 862 1651 902 1687; x_wconf 91' lang='lat' dir='ltr'><strong>in</strong></span> <span class='ocrx_word' id='word_1_57' title='bbox 933 1665 954 1688; x_wconf 84' lang='lat' dir='ltr'><strong>e</strong></span> <span class='ocrx_word' id='word_1_58' title='bbox 985 1652 1178 1699; x_wconf 81' lang='lat' dir='ltr'><strong>desinere,</strong></span> <span class='ocrx_word' id='word_1_59' title='bbox 1209 1653 1360 1701; x_wconf 84' lang='lat' dir='ltr'><strong>quando</strong></span> <span class='ocrx_word' id='word_1_60' title='bbox 1389 1666 1466 1689; x_wconf 90' lang='lat' dir='ltr'><strong>non</strong></span> <span class='ocrx_word' id='word_1_61' title='bbox 1493 1653 1540 1690; x_wconf 91' lang='lat' dir='ltr'><strong>de</strong></span> 
     </span>
     <span class='ocr_line' id='line_1_11' title="bbox 152 1712 718 1760; baseline 0.004 -13"><span class='ocrx_word' id='word_1_62' title='bbox 152 1723 210 1758; x_wconf 84' lang='lat' dir='ltr'><strong>re,</strong></span> <span class='ocrx_word' id='word_1_63' title='bbox 228 1712 295 1748; x_wconf 84' lang='lat' dir='ltr'><strong>sed</strong></span> <span class='ocrx_word' id='word_1_64' title='bbox 318 1712 365 1748; x_wconf 89' lang='lat' dir='ltr'><strong>de</strong></span> <span class='ocrx_word' id='word_1_65' title='bbox 390 1725 551 1760; x_wconf 85' lang='lat' dir='ltr'><strong>persona</strong></span> <span class='ocrx_word' id='word_1_66' title='bbox 573 1712 718 1749; x_wconf 84' lang='lat' dir='ltr'><strong>dicitur.</strong></span> 
     </span>
    </p>
   </div>
   <div class='ocr_carea' id='block_1_9' title="bbox 481 1828 1212 1858">
    <p class='ocr_par' dir='ltr' id='par_1_9' title="bbox 481 1828 1212 1858">
     <span class='ocr_line' id='line_1_12' title="bbox 481 1828 1212 1858; baseline -0.001 -1"><span class='ocrx_word' id='word_1_67' title='bbox 481 1829 530 1858; x_wconf 83' lang='lat' dir='ltr'><strong>IN</strong></span> <span class='ocrx_word' id='word_1_68' title='bbox 560 1828 646 1858; x_wconf 81' lang='lat' dir='ltr'>LIB.</span> <span class='ocrx_word' id='word_1_69' title='bbox 677 1828 709 1857; x_wconf 92' lang='lat'><strong>11</strong></span> <span class='ocrx_word' id='word_1_70' title='bbox 740 1828 889 1857; x_wconf 87' lang='lat' dir='ltr'>VIRUM</span> <span class='ocrx_word' id='word_1_71' title='bbox 923 1828 1212 1858; x_wconf 87' lang='lat' dir='ltr'><strong>ILLUSTRIUM.</strong></span> 
     </span>
    </p>
   </div>
   <div class='ocr_carea' id='block_1_10' title="bbox 154 1926 1538 2035">
    <p class='ocr_par' dir='ltr' id='par_1_10' title="bbox 154 1926 1538 2035">
     <span class='ocr_line' id='line_1_13' title="bbox 206 1926 1538 1975; baseline 0.001 -13"><span class='ocrx_word' id='word_1_72' title='bbox 206 1928 346 1962; x_wconf 86' lang='lat' dir='ltr'><strong>Harum</strong></span> <span class='ocrx_word' id='word_1_73' title='bbox 366 1933 534 1974; x_wconf 84' lang='lat' dir='ltr'><strong>partum.</strong></span> <span class='ocrx_word' id='word_1_74' title='bbox 561 1926 716 1962; x_wconf 82' lang='lat' dir='ltr'><strong>Partum</strong></span> <span class='ocrx_word' id='word_1_75' title='bbox 742 1937 813 1973; x_wconf 89' lang='lat' dir='ltr'><strong>pro</strong></span> <span class='ocrx_word' id='word_1_76' title='bbox 826 1926 1007 1973; x_wconf 79' lang='lat' dir='ltr'><strong>partium.</strong></span> <span class='ocrx_word' id='word_1_77' title='bbox 1035 1926 1174 1963; x_wconf 82' lang='lat' dir='ltr'><strong>Similia</strong></span> <span class='ocrx_word' id='word_1_78' title='bbox 1203 1928 1373 1975; x_wconf 79' lang='lat' dir='ltr'><strong>exempla</strong></span> <span class='ocrx_word' id='word_1_79' title='bbox 1396 1939 1441 1963; x_wconf 83' lang='lat' dir='ltr'><strong>ex</strong></span> <span class='ocrx_word' id='word_1_80' title='bbox 1458 1927 1538 1963; x_wconf 82' lang='lat' dir='ltr'><strong>Cae-</strong></span> 
     </span>
     <span class='ocr_line' id='line_1_14' title="bbox 154 1986 1089 2035; baseline 0 -12"><span class='ocrx_word' id='word_1_81' title='bbox 154 2000 250 2033; x_wconf 86' lang='lat' dir='ltr'><strong>sare,</strong></span> <span class='ocrx_word' id='word_1_82' title='bbox 271 1987 310 2023; x_wconf 91' lang='lat' dir='ltr'><strong>in</strong></span> <span class='ocrx_word' id='word_1_83' title='bbox 328 1986 529 2035; x_wconf 82' lang='lat' dir='ltr'><strong>Analogia,</strong></span> <span class='ocrx_word' id='word_1_84' title='bbox 547 1993 582 2022; x_wconf 74' lang='lat' dir='ltr'><strong>et</strong></span> <span class='ocrx_word' id='word_1_85' title='bbox 601 1986 747 2030; x_wconf 82' lang='lat' dir='ltr'><strong>Ennio,</strong></span> <span class='ocrx_word' id='word_1_86' title='bbox 766 1986 871 2022; x_wconf 85' lang='lat' dir='ltr'><strong>addit</strong></span> <span class='ocrx_word' id='word_1_87' title='bbox 893 1986 1089 2023; x_wconf 86' lang='lat' dir='ltr'><strong>Charisius.</strong></span> 
     </span>
    </p>
   </div>
   <div class='ocr_carea' id='block_1_11' title="bbox 352 2099 1333 2141">
    <p class='ocr_par' dir='ltr' id='par_1_11' title="bbox 352 2099 1333 2141">
     <span class='ocr_line' id='line_1_15' title="bbox 352 2099 1333 2141; baseline 0 -13"><span class='ocrx_word' id='word_1_88' title='bbox 352 2100 399 2129; x_wconf 87' lang='lat' dir='ltr'><strong>IN</strong></span> <span class='ocrx_word' id='word_1_89' title='bbox 435 2099 631 2129; x_wconf 80' lang='lat' dir='ltr'>INCERTA</span> <span class='ocrx_word' id='word_1_90' title='bbox 667 2100 761 2137; x_wconf 91' lang='lat' dir='ltr'><strong>QUO</strong></span> <span class='ocrx_word' id='word_1_91' title='bbox 792 2100 929 2129; x_wconf 87' lang='lat' dir='ltr'>LIBRO</span> <span class='ocrx_word' id='word_1_92' title='bbox 965 2100 1201 2141; x_wconf 83' lang='lat' dir='ltr'>V1RORUM,</span> <span class='ocrx_word' id='word_1_93' title='bbox 1236 2102 1333 2130; x_wconf 89' lang='lat' dir='ltr'>ETC.</span> 
     </span>
    </p>
   </div>
   <div class='ocr_carea' id='block_1_12' title="bbox 155 2200 1544 2739">
    <p class='ocr_par' dir='ltr' id='par_1_12' title="bbox 207 2200 605 2247">
     <span class='ocr_line' id='line_1_16' title="bbox 207 2200 605 2247; baseline -0.005 -11"><span class='ocrx_word' id='word_1_94' title='bbox 207 2200 324 2236; x_wconf 83' lang='lat' dir='ltr'><strong>Aliud</strong></span> <span class='ocrx_word' id='word_1_95' title='bbox 346 2211 417 2247; x_wconf 88' lang='lat' dir='ltr'><strong>pro</strong></span> <span class='ocrx_word' id='word_1_96' title='bbox 441 2201 605 2235; x_wconf 85' lang='lat' dir='ltr'><strong>alterum.</strong></span> 
     </span>
    </p>

    <p class='ocr_par' dir='ltr' id='par_1_13' title="bbox 155 2259 1544 2739">
     <span class='ocr_line' id='line_1_17' title="bbox 209 2259 1541 2309; baseline 0.002 -14"><span class='ocrx_word' id='word_1_97' title='bbox 209 2261 397 2309; x_wconf 82' lang='lat' dir='ltr'><strong>Magalia.</strong></span> <span class='ocrx_word' id='word_1_98' title='bbox 425 2259 502 2295; x_wconf 87' lang='lat' dir='ltr'><strong>Alii</strong></span> <span class='ocrx_word' id='word_1_99' title='bbox 519 2260 700 2308; x_wconf 74' lang='lat' dir='ltr'><strong>Magaria</strong></span> <span class='ocrx_word' id='word_1_100' title='bbox 725 2263 868 2297; x_wconf 86' lang='lat' dir='ltr'><strong>volunt.</strong></span> <span class='ocrx_word' id='word_1_101' title='bbox 894 2263 952 2298; x_wconf 88' lang='lat' dir='ltr'><strong>De</strong></span> <span class='ocrx_word' id='word_1_102' title='bbox 981 2274 1057 2309; x_wconf 84' lang='lat' dir='ltr'><strong>quo</strong></span> <span class='ocrx_word' id='word_1_103' title='bbox 1081 2263 1178 2298; x_wconf 87' lang='lat' dir='ltr'><strong>conf.</strong></span> <span class='ocrx_word' id='word_1_104' title='bbox 1201 2262 1249 2298; x_wconf 84' lang='lat' dir='ltr'><strong>ad</strong></span> <span class='ocrx_word' id='word_1_105' title='bbox 1272 2264 1428 2307; x_wconf 87' lang='lat' dir='ltr'><strong>Melam,</strong></span> <span class='ocrx_word' id='word_1_106' title='bbox 1448 2276 1482 2308; x_wconf 84' lang='lat'><strong>1,</strong></span> <span class='ocrx_word' id='word_1_107' title='bbox 1501 2264 1541 2307; x_wconf 91' lang='grc'><strong>8,</strong></span> 
     </span>
     <span class='ocr_line' id='line_1_18' title="bbox 158 2320 1542 2372; baseline 0 -13"><span class='ocrx_word' id='word_1_108' title='bbox 158 2324 191 2359; x_wconf 82' lang='lat'><strong>3.</strong></span> <span class='ocrx_word' id='word_1_109' title='bbox 223 2323 278 2358; x_wconf 87' lang='lat' dir='ltr'><strong>Ex</strong></span> <span class='ocrx_word' id='word_1_110' title='bbox 311 2320 536 2370; x_wconf 78' lang='lat' dir='ltr'><strong>etymologia</strong></span> <span class='ocrx_word' id='word_1_111' title='bbox 564 2333 699 2368; x_wconf 86' lang='lat' dir='ltr'><strong>graeca,</strong></span> <span class='ocrx_word' id='word_1_112' title='bbox 726 2328 921 2370; x_wconf 74' lang='lat' dir='ltr'><strong>utrumque</strong></span> <span class='ocrx_word' id='word_1_113' title='bbox 952 2329 1075 2370; x_wconf 87' lang='lat' dir='ltr'><strong>potest</strong></span> <span class='ocrx_word' id='word_1_114' title='bbox 1101 2322 1284 2358; x_wconf 87' lang='lat' dir='ltr'><strong>adhiberi.</strong></span> <span class='ocrx_word' id='word_1_115' title='bbox 1316 2324 1496 2372; x_wconf 83' lang='lat' dir='ltr'><strong>Magalia</strong></span> <span class='ocrx_word' id='word_1_116' title='bbox 1522 2337 1542 2360; x_wconf 91' lang='lat' dir='ltr'>a</span> 
     </span>
     <span class='ocr_line' id='line_1_19' title="bbox 162 2380 1539 2434; baseline -0.001 -13"><span class='ocrx_word' id='word_1_117' title='bbox 162 2380 302 2434; x_wconf 74' lang='grc' dir='ltr'><em>μέγας,</em></span> <span class='ocrx_word' id='word_1_118' title='bbox 327 2380 504 2432; x_wconf 71' lang='grc' dir='ltr'><em>μεγάλη,</em></span> <span class='ocrx_word' id='word_1_119' title='bbox 526 2394 702 2430; x_wconf 84' lang='lat' dir='ltr'><strong>magnus,</strong></span> <span class='ocrx_word' id='word_1_120' title='bbox 724 2394 875 2431; x_wconf 80' lang='lat' dir='ltr'>magna,</span> <span class='ocrx_word' id='word_1_121' title='bbox 900 2395 983 2430; x_wconf 87' lang='lat' dir='ltr'><strong>gen.</strong></span> <span class='ocrx_word' id='word_1_122' title='bbox 1006 2383 1211 2433; x_wconf 59' lang='grc' dir='ltr'><strong>μεγάλου,</strong></span> <span class='ocrx_word' id='word_1_123' title='bbox 1233 2384 1369 2430; x_wconf 87' lang='lat' dir='ltr'><strong>oritur,</strong></span> <span class='ocrx_word' id='word_1_124' title='bbox 1392 2386 1539 2433; x_wconf 79' lang='lat' dir='ltr'><em>Maga-</em></span> 
     </span>
     <span class='ocr_line' id='line_1_20' title="bbox 155 2440 1544 2495; baseline 0.001 -15"><span class='ocrx_word' id='word_1_125' title='bbox 155 2448 285 2495; x_wconf 79' lang='lat' dir='ltr'><strong>riaque</strong></span> <span class='ocrx_word' id='word_1_126' title='bbox 298 2474 308 2489; x_wconf 75' lang='lat'>‚</span> <span class='ocrx_word' id='word_1_127' title='bbox 335 2447 428 2481; x_wconf 83' lang='lat' dir='ltr'><strong>sicut</strong></span> <span class='ocrx_word' id='word_1_128' title='bbox 447 2446 632 2493; x_wconf 76' lang='lat' dir='ltr'><strong>Megara,</strong></span> <span class='ocrx_word' id='word_1_129' title='bbox 652 2440 836 2494; x_wconf 71' lang='grc' dir='ltr'><em>Μέγαρα,</em></span> <span class='ocrx_word' id='word_1_130' title='bbox 854 2444 957 2480; x_wconf 84' lang='lat' dir='ltr'><strong>urbis</strong></span> <span class='ocrx_word' id='word_1_131' title='bbox 978 2458 1137 2491; x_wconf 87' lang='lat' dir='ltr'><strong>nomen,</strong></span> <span class='ocrx_word' id='word_1_132' title='bbox 1157 2458 1177 2482; x_wconf 83' lang='lat' dir='ltr'>a</span> <span class='ocrx_word' id='word_1_133' title='bbox 1205 2442 1396 2495; x_wconf 72' lang='grc' dir='ltr'><strong>μέγαρον,</strong></span> <span class='ocrx_word' id='word_1_134' title='bbox 1425 2445 1544 2481; x_wconf 72' lang='lat' dir='ltr'><strong>aedjfi-</strong></span> 
     </span>
     <span class='ocr_line' id='line_1_21' title="bbox 159 2505 1544 2556; baseline -0.001 -12"><span class='ocrx_word' id='word_1_135' title='bbox 159 2508 255 2544; x_wconf 84' lang='lat' dir='ltr'><strong>cium</strong></span> <span class='ocrx_word' id='word_1_136' title='bbox 268 2519 463 2556; x_wconf 80' lang='lat' dir='ltr'><strong>magnum,</strong></span> <span class='ocrx_word' id='word_1_137' title='bbox 479 2505 678 2554; x_wconf 83' lang='lat' dir='ltr'><strong>palatium,</strong></span> <span class='ocrx_word' id='word_1_138' title='bbox 700 2506 896 2553; x_wconf 88' lang='lat' dir='ltr'><strong>templum,</strong></span> <span class='ocrx_word' id='word_1_139' title='bbox 918 2506 1067 2551; x_wconf 87' lang='lat' dir='ltr'><strong>domus,</strong></span> <span class='ocrx_word' id='word_1_140' title='bbox 1094 2507 1278 2543; x_wconf 87' lang='lat' dir='ltr'><strong>stabulum</strong></span> <span class='ocrx_word' id='word_1_141' title='bbox 1290 2535 1299 2552; x_wconf 88' lang='lat'>,</span> <span class='ocrx_word' id='word_1_142' title='bbox 1327 2507 1428 2555; x_wconf 88' lang='lat' dir='ltr'><strong>quod</strong></span> <span class='ocrx_word' id='word_1_143' title='bbox 1446 2519 1466 2542; x_wconf 91' lang='lat' dir='ltr'>a</span> <span class='ocrx_word' id='word_1_144' title='bbox 1479 2505 1544 2551; x_wconf 79' lang='grc' dir='ltr'><strong>μὲ-</strong></span> 
     </span>
     <span class='ocr_line' id='line_1_22' title="bbox 157 2567 1539 2620; baseline -0.001 -15"><span class='ocrx_word' id='word_1_145' title='bbox 157 2582 236 2620; x_wconf 69' lang='grc' dir='ltr'><strong><em>’γιις</em></strong></span> <span class='ocrx_word' id='word_1_146' title='bbox 250 2581 397 2617; x_wconf 87' lang='lat' dir='ltr'><strong>quoque</strong></span> <span class='ocrx_word' id='word_1_147' title='bbox 417 2568 623 2603; x_wconf 79' lang='lat' dir='ltr'><strong>derivatum</strong></span> <span class='ocrx_word' id='word_1_148' title='bbox 642 2574 707 2602; x_wconf 82' lang='lat' dir='ltr'><strong>est.</strong></span> <span class='ocrx_word' id='word_1_149' title='bbox 722 2567 872 2602; x_wconf 87' lang='lat' dir='ltr'><strong>Accedit</strong></span> <span class='ocrx_word' id='word_1_150' title='bbox 887 2567 978 2603; x_wconf 90' lang='lat' dir='ltr'><strong>illud</strong></span> <span class='ocrx_word' id='word_1_151' title='bbox 992 2568 1095 2615; x_wconf 91' lang='lat' dir='ltr'><strong>quod</strong></span> <span class='ocrx_word' id='word_1_152' title='bbox 1109 2579 1130 2604; x_wconf 72' lang='grc' dir='ltr'>λ</span> <span class='ocrx_word' id='word_1_153' title='bbox 1155 2569 1192 2603; x_wconf 88' lang='lat' dir='ltr'><strong>in</strong></span> <span class='ocrx_word' id='word_1_154' title='bbox 1209 2584 1226 2614; x_wconf 83' lang='grc' dir='ltr'>ρ</span> <span class='ocrx_word' id='word_1_155' title='bbox 1245 2569 1350 2604; x_wconf 86' lang='lat' dir='ltr'><strong>facile</strong></span> <span class='ocrx_word' id='word_1_156' title='bbox 1369 2575 1539 2608; x_wconf 81' lang='lat' dir='ltr'><strong>mutatur.</strong></span> 
     </span>
     <span class='ocr_line' id='line_1_23' title="bbox 161 2627 1543 2679; baseline -0.001 -13"><span class='ocrx_word' id='word_1_157' title='bbox 161 2633 284 2679; x_wconf 80' lang='lat' dir='ltr'><em>Byrsa</em></span> <span class='ocrx_word' id='word_1_158' title='bbox 310 2630 450 2678; x_wconf 83' lang='lat' dir='ltr'><strong>pariter</strong></span> <span class='ocrx_word' id='word_1_159' title='bbox 480 2641 637 2677; x_wconf 82' lang='lat' dir='ltr'><strong>graecum</strong></span> <span class='ocrx_word' id='word_1_160' title='bbox 671 2636 725 2664; x_wconf 84' lang='lat' dir='ltr'><strong>est</strong></span> <span class='ocrx_word' id='word_1_161' title='bbox 756 2641 895 2664; x_wconf 88' lang='lat' dir='ltr'><strong>nomen</strong></span> <span class='ocrx_word' id='word_1_162' title='bbox 924 2627 1067 2679; x_wconf 66' lang='grc' dir='ltr'>βύρσα,</span> <span class='ocrx_word' id='word_1_163' title='bbox 1099 2630 1261 2675; x_wconf 86' lang='lat' dir='ltr'><strong>corium,</strong></span> <span class='ocrx_word' id='word_1_164' title='bbox 1289 2630 1417 2677; x_wconf 88' lang='lat' dir='ltr'><strong>pellis,</strong></span> <span class='ocrx_word' id='word_1_165' title='bbox 1445 2629 1543 2665; x_wconf 87' lang='lat' dir='ltr'><strong>unde</strong></span> 
     </span>
     <span class='ocr_line' id='line_1_24' title="bbox 161 2689 1365 2739; baseline 0 -11"><span class='ocrx_word' id='word_1_166' title='bbox 161 2693 274 2728; x_wconf 71' lang='lat' dir='ltr'><strong>latine</strong></span> <span class='ocrx_word' id='word_1_167' title='bbox 301 2693 430 2735; x_wconf 80' lang='lat' dir='ltr'><strong>bursa,</strong></span> <span class='ocrx_word' id='word_1_168' title='bbox 458 2689 634 2727; x_wconf 85' lang='lat' dir='ltr'><strong>Mercurii</strong></span> <span class='ocrx_word' id='word_1_169' title='bbox 660 2691 890 2739; x_wconf 86' lang='lat' dir='ltr'><strong>symbolum,</strong></span> <span class='ocrx_word' id='word_1_170' title='bbox 918 2704 1029 2739; x_wconf 85' lang='lat' dir='ltr'><strong>quem</strong></span> <span class='ocrx_word' id='word_1_171' title='bbox 1057 2692 1161 2728; x_wconf 81' lang='lat' dir='ltr'><strong>Poeni</strong></span> <span class='ocrx_word' id='word_1_172' title='bbox 1180 2693 1365 2729; x_wconf 77' lang='lat' dir='ltr'><strong>colebant.</strong></span> 
     </span>
    </p>
   </div>
   <div class='ocr_carea' id='block_1_13' title="bbox 1296 2749 1350 2797">
    <p class='ocr_par' dir='ltr' id='par_1_14' title="bbox 1296 2749 1350 2797">
     <span class='ocr_line' id='line_1_25' title="bbox 1296 2749 1350 2797; baseline 0 0"><span class='ocrx_word' id='word_1_173' title='bbox 1296 2749 1350 2797; x_wconf 83' lang='lat'><strong>16</strong></span> 
     </span>
    </p>
   </div>
  </div>
 </body>
</html>
