1859 3310
637 213 1056 247 OBSERVATIONES.
1457 217 1525 265 ¹95

158 293 388 342 principibus
418 308 480 330 seu
506 295 684 343 dynastis,
712 301 747 328 et
773 295 1013 341 Pylaemenem
1040 296 1276 342 gene1·is,·ex
1304 310 1376 344 quo
1405 300 1527 347 Thyus

159 361 260 390 ortus
288 363 383 401 erat,
408 363 593 390 auctorem
615 354 820 389 interfuisse
846 355 946 390 bello
970 355 1128 401 trojano.
1151 357 1237 391 Haec
1262 364 1370 392 recte.
1398 360 1525 395 Parum

159 415 334 452 intererat
357 429 401 452 eo
421 418 503 452 loco
524 416 635 458 scire,
657 428 676 450 a
700 428 774 462 quo
794 417 1016 464 Pylaemenes
1035 417 1245 452 interfectus
1264 418 1417 463 dicatur,
1438 427 1472 454 et
1493 421 1527 456 in

160 489 205 512 eo
227 478 373 513 erravit.

215 539 373 574 Protulit
397 537 635 573 Homericum
661 549 806 573 versum
830 539 947 581 Dion,
974 539 1027 573 ira
1052 538 1089 573 in
1115 539 1403 576 obtrectatorem
1428 554 1529 576 suum

160 599 394 635 Heraclidem
414 605 603 645 permotus
623 611 631 632 :
654 599 741 633 Non
769 611 876 646 posse
905 599 1001 634 bene
1025 599 1103 647 geri
1126 613 1204 636 rem
1223 601 1412 648 publicam
1432 603 1531 637 mul-

161 668 282 695 torum
303 659 479 707 imperiis.
499 660 562 694 Est
579 660 642 695 ille
664 660 769 695 Iliad.
794 673 843 705 11,
869 665 942 703 204
967 673 976 695 τ

332 790 398 822 Οὐκ
419 788 542 832 ἀγαθὸν
559 792 794 834 πολυκοιρανίη·
811 789 852 826 εἷς
871 793 1012 834 κοίρανος
1029 791 1111 823 ἔστω
1125 819 1133 831 ,

335 840 387 878 Ε’ἷς
408 842 570 877 Βασιλεύς.

164 969 256 1002 Sunt
276 968 352 1002 haec
369 969 483 1003 verba
502 969 656 1016 L‘lyssis,
677 969 738 1016 qui
757 971 904 1005 Graecos
919 969 995 1015 jam
1014 969 1209 1004 discessum
1229 981 1250 1003 a
1272 968 1382 1014 Troja
1403 981 1538 1016 paran-

166 1036 218 1064 tes
244 1036 406 1074 coercet,
426 1037 462 1065 et
484 1043 626 1065 morem
646 1043 774 1078 gerere
791 1031 896 1077 jubet
915 1030 1202 1077 Agamemnoni,
1222 1041 1334 1076 penes
1355 1042 1463 1077 quem
1482 1043 1541 1066 so-

168 1091 241 1124 lum
266 1090 420 1126 deberet
444 1103 521 1126 esse
546 1104 686 1126 summa
708 1092 866 1139 imperii.
886 1092 1026 1127 Citatur
1044 1103 1170 1126 versus
1191 1091 1252 1125 ille
1278 1103 1298 1126 a
1320 1093 1463 1138 Nepote
1485 1093 1541 1127 his

166 1151 309 1194 verbis,
329 1152 392 1186 Ex
413 1153 575 1186 secunda
603 1152 813 1200 rhapsodia
839 1153 1009 1195 Homeri,
1036 1165 1113 1187 non
1138 1152 1284 1197 adjecto
1309 1152 1447 1188 Iliados
1468 1166 1541 1188 no—

166 1212 276 1247 mine.
297 1213 479 1248 concludi
501 1213 590 1248 inde
612 1213 748 1260 possit,
770 1213 925 1249 Iliadem
947 1214 1119 1261 Odysseae
1140 1213 1337 1248 antelatam
1357 1221 1392 1248 et
1417 1227 1435 1248 a
1461 1216 1542 1249 Ro-

166 1274 284 1309 manis
303 1274 468 1310 Cornelii
487 1281 656 1322 tempore
677 1275 910 1322 potissimum
933 1275 1134 1310 lectitatam
1152 1287 1240 1311 esse.

220 1336 264 1371 V.
284 1336 464 1384 Suspicati
475 1343 558 1371 sunt
575 1336 687 1383 primi
707 1344 741 1372 et
755 1336 991 1372 eruditissimi
1008 1337 1105 1372 inter
1121 1338 1228 1383 hujus
1246 1338 1333 1374 libri
1355 1349 1543 1373 commen-

168 1405 322 1443 tatores,
348 1398 569 1445 Longolius,
589 1398 749 1446 Magius,
768 1399 1139 1443 Lambinus,errasse
1164 1411 1432 1447 nonnunquam
1458 1411 1545 1433 auc—

171 1467 310 1503 torem,
335 1459 451 1494 libros
479 1471 634 1506 graecos,
666 1459 798 1506 quibus
825 1460 1008 1501 utebatur,
1038 1459 1158 1494 minus
1186 1467 1323 1495 attente
1350 1461 1543 1507 legentem.

170 1522 346 1556 Narratur
369 1533 399 1555 e.
426 1532 459 1567 g.
482 1520 670 1564 Phocion,
688 1534 723 1565 v,
745 1520 764 1555 ‘3
789 1534 796 1554 :
829 1537 843 1551 «
857 1521 927 1555 Hic
947 1533 1058 1567 quum
1083 1521 1131 1555 ad
1152 1528 1311 1556 mortem
1337 1521 1546 1564 duceretur,

172 1582 303 1617 obvius
323 1582 357 1617 ei
369 1582 435 1616 fuit
456 1581 715 1630 Emphyletus,
738 1594 811 1628 quo
834 1582 1062 1617 familiariter
1083 1582 1200 1617 fuerat
1222 1595 1313 1617 usus.
1333 1598 1347 1612 ι»
1374 1581 1548 1616 Nesciunt

173 1644 243 1679 tale
265 1656 402 1678 nomen
427 1650 666 1677 monumenta
690 1654 824 1690 graeca,
848 1650 883 1678 et
901 1650 1094 1678 contextus
1114 1650 1258 1687 monet,
1278 1643 1547 1679 nominandum

171 1706 231 1741 hic
250 1705 359 1740 fuisse
381 1711 442 1740 aut
463 1704 653 1739 hominem
679 1703 864 1738 historicis
883 1717 960 1739 non
980 1704 1166 1751 ignotum,
1192 1712 1253 1739 aut
1280 1704 1404 1752 potius
1422 1704 1461 1738 in
1483 1716 1547 1751 ge—

172 1779 261 1803 nere
280 1765 437 1801 amicum
459 1765 669 1812 quemdam.
693 1765 833 1812 Opinio
854 1765 978 1812 itaque
998 1772 1067 1809 est,
1087 1766 1313 1800 convertisse
1336 1766 1550 1801 Cornelium

174 1841 284 1864 voces
301 1830 444 1864 Graecas
463 1823 624 1871 ἔμφυλος
647 1825 715 1862 τῗις.
745 1827 785 1861 id
803 1834 873 1870 est,
897 1839 940 1861 ex
959 1839 1064 1862 more
1087 1827 1382 1869 Atheniensium,
1411 1827 1550 1861 tribulis

175 1891 344 1938 quidam,
367 1902 441 1936 quo
466 1888 696 1923 familiariter
720 1901 803 1923 usus
828 1888 945 1922 fuerat
963 1888 1150 1931 Phocion,
1178 1888 1217 1922 in
1246 1900 1385 1923 nomen
1407 1888 1552 1922 homini

175 1952 380 1999 proprium.
403 1952 459 1985 Ita
481 1950 615 1985 factum
638 1962 714 1984 esse
734 1949 861 1992 credo;
886 1962 953 1983 nec
973 1949 1084 1984 video
1113 1962 1176 1984 cur
1201 1957 1394 1996 tantopere
1418 1962 1455 1984 se
1477 1956 1554 1984 tor·

176 2019 313 2060 queant
336 2012 432 2046 inter
456 2011 679 2046 recentiores
704 2011 893 2051 nonnulli,
910 2011 1031 2045 levem
1052 2011 1151 2045 illam
1171 2023 1188 2045 a
1213 2011 1388 2045 Cornelio
1408 2011 1553 2057 culpam

177 2086 348 2109 amovere
363 2073 560 2120 cupientes.
581 2072 726 2107 Erroris
739 2072 951 2107 Cornelium
972 2072 1192 2119 quibusdam
1206 2073 1244 2106 in
1264 2072 1354 2106 locis
1372 2071 1555 2106 accusavit

177 2136 331 2179 Plinius,
350 2142 389 2169 ut
415 2146 524 2181 supra
547 2133 756 2169 monuimus
774 2147 810 2181 p.
834 2134 925 2177 3223
951 2141 986 2168 et
1005 2146 1143 2168 errasse
1163 2133 1273 2168 etiam
1294 2133 1332 2167 in
1351 2133 1461 2168 rebus
1480 2133 1556 2167 his-

178 2197 303 2232 toricis
326 2196 425 2231 haud
447 2195 554 2243 parvi
578 2195 778 2237 momenti,
799 2195 990 2238 evincent,
1019 2195 1149 2238 eredo,
1176 2194 1342 2241 quaedam
1365 2207 1443 2241 quae
1463 2206 1553 2240 pos—

179 2267 237 2294 tea
266 2258 428 2293 dicturus
460 2269 550 2291 sum.
584 2258 813 2290 Veneramur
846 2256 967 2290 bonos
998 2256 1212 2303 scriptores,
1242 2268 1321 2290 non
1351 2255 1381 2289 si
1412 2267 1556 2289 causam

180 2332 309 2356 eorum
339 2330 607 2366 quamcumque
636 2316 868 2363 suscipimus,
898 2324 933 2352 et
958 2317 1182 2363 argumentis
1214 2316 1441 2362 quibuslibet
1466 2327 1557 2362 pro—

182 2393 404 2430 pugnamu53
436 2379 501 2415 sed
532 2391 644 2426 quum
675 2390 817 2413 errores
850 2377 1086 2412 humanitatis
1117 2384 1215 2412 sorte
1243 2377 1423 2411 admissos
1452 2376 1557 2411 facile

182 2454 408 2485 excusamus,
429 2448 463 2476 et
487 2441 608 2475 bonos
628 2452 669 2474 ac
697 2438 909 2485 diligentes,
934 2439 1050 2485 qualis
1073 2438 1229 2473 omnino
1254 2438 1321 2472 fuit
1344 2437 1558 2479 Cornelius,

184 2516 246 2540 eos
273 2503 354 2551 qui,
378 2502 542 2538 veritatis
571 2508 607 2536 et
633 2500 822 2546 elegantiae
848 2500 1020 2543 studiosi,
1043 2511 1153 2546 quam
1177 2498 1352 2546 plurimas
1377 2511 1435 2534 res
1462 2505 1559 2533 recte

185 2572 220 2600 et
245 2572 410 2600 accurate
431 2562 681 2606 tradiderunt,
709 2574 729 2596 a
750 2562 862 2608 vulgo
890 2561 1109 2607 scriptorum
1141 2560 1381 2604 secernimus,
1412 2560 1560 2607 quibus,

187 2627 274 2662 dum
292 2627 455 2661 chartam
479 2624 674 2671 impleant,
695 2622 850 2670 perinde
870 2629 922 2657 est
948 2635 1026 2669 quae
1046 2622 1268 2669 scripserint.

1312 2681 1375 2722 13.
