1859 3310
343 199 355 220 1
368 198 411 222 22
781 188 1010 223 CORNELII
1040 186 1245 222 NEPOTIS

339 271 545 329 pugnavit
574 286 582 312 :
610 279 694 312 tres
725 271 938 313 exercitus
970 271 1178 312 maximos
1216 266 1490 327 comparavit.
1524 267 1588 308 Ex
1621 264 1688 306 his

339 364 473 391 unum
502 349 541 391 in
569 348 757 391 Africam
786 349 920 404 misit,
943 347 1126 391 alterum
1150 364 1248 391 cum
1272 343 1538 389 Hasdrubale
1560 342 1689 385 fratrc

339 430 382 472 in
400 427 602 487 Hispania
625 426 817 485 reliquit,
838 427 1013 469 tertium
1036 427 1079 468 in
1101 425 1269 469 Italiam
1289 440 1432 467 secum
1447 422 1579 465 duxit.
1599 418 1688 463 Sal-

340 517 432 550 tum
453 509 704 566 Pyrenaeum
730 505 912 547 transiit.
939 506 1208 564 Quacunque
1234 504 1315 547 iter
1337 503 1456 558 fecit,
1479 517 1579 544 cum
1601 515 1694 542 om·

339 585 463 628 nibus
499 583 649 627 incolis
679 582 874 626 conflixit
900 599 909 626 :
934 583 1175 637 neminem,
1203 582 1283 625 nisi
1309 582 1494 634 victum,
1519 578 1691 622 dimisit.

338 663 405 706 Ad
430 661 556 722 Alpes
581 670 860 722 posteaquam
895 661 1030 716 venit,
1057 677 1151 721 quae
1180 660 1348 704 Italiam
1376 660 1430 702 ab
1457 656 1599 702 Gallia
1630 671 1694 699 se·

336 741 541 801 jungunt,
570 756 675 800 quas
711 755 839 783 nemo
868 755 1058 799 unquam
1091 756 1190 783 cum
1223 739 1410 782 exercitu
1443 746 1542 780 ante
1570 750 1693 787 cum,

339 830 493 880 praeter
517 817 748 862 Herculem
773 818 974 874 Graium,
1001 818 1228 862 transierat
1252 816 1363 878 (quo
1384 815 1495 858 facto
1518 815 1550 857 is
1567 813 1695 857 hodic

340 898 470 942 saltus
501 897 660 942 Graius
689 895 974 957 appellatur);
1007 895 1201 956 Alpicos,
1233 903 1437 938 conantes
1468 892 1696 954 prohibere

341 978 587 1032 transitum,
612 975 823 1031 concidit,
849 974 942 1018 loca
968 974 1189 1035 patefecit,
1219 973 1373 1017 itinera
1400 971 1574 1026 muniit,
1596 969 1699 1013 effe-

338 1057 501 1116 citque,
532 1065 581 1099 ut
607 1071 656 1098 ea
688 1054 941 1115 elephantus
976 1063 1151 1097 ornatus
1178 1053 1240 1096 ire
1267 1060 1428 1112 posset,
1456 1065 1542 1110 qua
1571 1058 1695 1092 antea

341 1152 451 1180 unus
478 1135 609 1178 homo
637 1134 811 1177 inermis
835 1133 906 1177 vix
927 1142 1097 1193 poterat
1119 1148 1268 1193 repere
1296 1147 1305 1173 :
1333 1130 1415 1174 hac
1439 1128 1585 1189 copias
1610 1137 1695 1171 tra·

339 1215 480 1271 duxit,
508 1214 551 1256 in
576 1212 831 1272 Italiamque
859 1213 1067 1272 pervenit.

402 1295 476 1338 IV.
500 1291 763 1336 Conflixerat
786 1291 903 1352 apud
928 1290 1188 1334 Rhodanum
1212 1306 1311 1334 cum
1329 1292 1377 1333 P.
1393 1287 1597 1334 Cornelio
1613 1288 1697 1331 Sci-

339 1373 465 1432 pione
489 1388 596 1426 cos.,
623 1387 808 1430 eumque
832 1368 1071 1431 pepulerat.
1095 1371 1205 1414 Cum
1227 1370 1311 1414 hoc
1330 1369 1482 1413 eodem
1506 1368 1558 1411 de
1578 1367 1696 1412 Clas-

340 1451 443 1494 tidio
474 1450 591 1511 apud
618 1450 786 1494 Padum
817 1449 1040 1493 decernit:
1073 1449 1267 1493 saucium
1298 1447 1397 1491 inde
1427 1464 1476 1491 ac
1500 1447 1694 1508 fugatum

336 1529 530 1574 dimittit.
557 1530 703 1573 Tertio
730 1528 845 1572 idern
872 1528 1017 1589 Scipio
1038 1545 1137 1572 cum
1161 1526 1324 1588 collega
1345 1527 1518 1570 Tiberio
1542 1528 1696 1588 Longo

337 1608 453 1670 apud
481 1609 683 1653 Trebiam
716 1608 921 1652 adversus
951 1624 1049 1651 eum
1089 1608 1206 1651 venit
1239 1624 1248 1650 :
1289 1622 1388 1651 cum
1418 1606 1484 1650 his
1519 1621 1693 1649 manum

336 1688 575 1745 conseruit,
601 1696 807 1748 utrosque
834 1686 1094 1748 profligavit.
1122 1685 1227 1729 Inde
1249 1702 1327 1747 per
1353 1686 1533 1746 Ligures
1558 1687 1697 1744 Apen-

336 1768 488 1810 ninum
513 1767 702 1823 transiit,
727 1775 877 1827 petens
902 1765 1136 1810 Etruriam.
1160 1768 1254 1809 Hoc
1280 1765 1432 1808 itinere
1449 1762 1556 1807 adeo
1578 1763 1696 1823 gravi

334 1846 488 1889 morbo
516 1844 703 1889 afficitur
736 1843 984 1902 oculorum,
1011 1854 1061 1888 ut
1088 1854 1238 1905 postea
1270 1859 1495 1902 nunquam
1522 1841 1697 1885 dextero

334 1940 454 1984 aeque
487 1924 596 1967 bene
624 1940 726 1967 usus
751 1924 819 1967 sit.
850 1924 951 1980 Qua
985 1922 1231 1967 valetudine
1263 1938 1398 1982 quum
1426 1921 1553 1965 etiam
1583 1936 1698 1963 nunc

335 2012 618 2063 premeretur,
646 2002 883 2064 lecticaque
908 2002 1106 2058 ferretur,
1131 2004 1180 2046 C.
1204 2000 1464 2045 Flaminium
1481 2016 1564 2044 cos.
1583 1998 1697 2060 apud

334 2083 635 2126 Trasimenum
656 2098 756 2125 cum
775 2082 966 2125 exercitu
984 2081 1147 2124 insidiis
1164 2081 1508 2124 circumventum
1525 2078 1695 2122 occidit.

335 2161 488 2220 Neque
508 2160 648 2204 multo
666 2171 764 2222 post
781 2163 830 2205 C.
856 2161 1117 2205 Centenium
1140 2170 1391 2220 praetorem,
1416 2176 1515 2203 cum
1538 2158 1698 2202 delecta

337 2256 468 2283 manu
493 2240 626 2283 saltus
652 2249 950 2301 occupantem.
978 2240 1092 2283 Hinc
1119 2240 1164 2282 in
1185 2237 1389 2299 Apuliam
1406 2238 1615 2298 pervenit.
1633 2237 1697 2281 Ibi

335 2319 507 2363 obviam
523 2319 561 2363 ei
576 2329 786 2362 venerunt
799 2319 886 2362 duo
900 2317 1112 2374 consules,
1125 2320 1174 2362 C.
1186 2318 1415 2362 Terentius
1426 2326 1467 2360 et
1478 2318 1526 2360 L.
1541 2315 1697 2360 Paulus

336 2398 545 2442 AEmilius.
560 2399 800 2458 Utriusque
817 2399 1026 2442 exercitus
1041 2414 1130 2441 uno
1148 2396 1301 2458 proelio
1315 2397 1479 2457 fugavit
1493 2394 1696 2439 :Paulum

336 2477 558 2521 consulem
582 2477 760 2534 occidit,
782 2487 824 2521 et
845 2476 1011 2537 aliquot
1034 2486 1241 2537 praeterea
1269 2475 1516 2519 consulares
1535 2491 1544 2517 :
1566 2475 1609 2516 in
1633 2473 1697 2516 his

335 2558 414 2600 Cn.
426 2557 656 2601 Servilium
668 2558 902 2602 Geminum
913 2591 923 2613 ‚
936 2557 1012 2616 qui
1023 2557 1244 2617 superiore
1254 2572 1367 2599 anno
1381 2554 1520 2598 fuerat
1533 2552 1694 2597 consul.
