1859 3310
363 205 431 248 164
802 210 1030 245 CORNELII
1059 210 1263 245 NEPOTIS

420 292 614 335 Primum
652 295 800 336 Romae
838 294 1022 353 parietes
1055 303 1196 337 crusta
1234 292 1459 335 marmoris
1497 293 1714 352 operuisse

357 370 486 413 totius
512 370 666 415 domus
691 388 776 414 suae
804 373 848 414 in
873 371 1009 415 Coelio
1035 382 1182 415 monte
1206 370 1433 416 Cornelius
1459 371 1605 431 Nepos
1628 380 1714 414 tra-

353 449 463 493 didit
496 452 789 504 Mamurram,
823 450 1005 493 Formiis
1034 461 1205 506 natum,
1231 452 1421 511 equitem
1457 466 1711 503 romanum,

351 528 598 587 praefectum
636 529 805 572 fabrum
843 531 892 573 C.
927 531 1106 574 Caesaris
1140 531 1181 572 in
1221 528 1374 574 Gallia.
1404 529 1572 589 Adjecit
1602 528 1712 571 idem

349 607 513 665 Nepos,
548 623 647 650 eum
675 608 864 667 primum
900 608 999 651 totis
1034 607 1196 652 aedibus
1231 607 1414 664 nullam,
1448 608 1529 651 nisi
1558 624 1579 650 e
1606 623 1717 650 mar-

349 701 487 740 more,
525 684 774 729 columnam
804 686 1022 741 habuisse,
1064 702 1212 730 omnes
1245 685 1400 730 solidas
1437 703 1460 730 e
1496 687 1713 747 Carystio,

348 773 422 806 aut
448 765 658 808 Lunensi.
690 765 877 820 Plinius,
908 781 1064 821 XXXVI,
1091 764 1134 809 6.

408 846 484 887 ΧΙ.
522 844 640 888 AEdis
665 846 820 889 Martis
843 855 907 889 est
928 846 971 888 in
991 847 1106 889 circo
1127 843 1338 888 Flaminio
1359 845 1638 889 architectata
1661 846 1714 889 ab

346 924 619 969 Hermodoro
646 924 897 969 Salaminio.
929 925 1203 980 Priscianus,
1239 924 1311 968 lib.
1341 941 1446 980 v111,
1475 923 1556 968 col.
1585 941 1688 986 792.

409 1006 510 1049 Non
538 1003 723 1065 amplius
749 1014 815 1048 ter
834 1005 981 1048 bibere
1005 1008 1252 1065 Augustum
1277 1003 1452 1048 solitum
1479 1020 1608 1064 super
1631 1020 1715 1047 coe-

346 1100 444 1127 nam
472 1085 516 1128 in
545 1085 695 1128 castris
722 1083 838 1144 apud
867 1085 1108 1140 Mutinam,
1137 1082 1364 1127 Cornelius
1390 1084 1536 1143 Nepos
1567 1083 1712 1127 tradit.

345 1166 518 1209 Sueton.
545 1166 662 1227 Aug.
691 1182 727 1209 c.
759 1182 831 1227 77.

407 1243 489 1304 (In
524 1254 717 1288 extrema
754 1245 987 1289 Britanniae
1026 1255 1149 1305 parte
1183 1247 1342 1299 Mona,
1378 1260 1507 1304 quam
1545 1245 1712 1288 Corne-

344 1322 426 1366 lius
455 1324 605 1379 etiam,
634 1323 859 1367 annalium
895 1325 1096 1384 scriptor,
1125 1334 1274 1367 narrat
1301 1323 1486 1367 metallis
1515 1323 1713 1383 plurimis

343 1403 581 1463 copiosam,
612 1404 759 1448 herbis
789 1403 1081 1464 frequentem,
1110 1413 1152 1447 et
1183 1403 1249 1446 his
1284 1403 1537 1446 feraciorem
1569 1404 1711 1447 omni-

343 1481 445 1539 bus,
473 1499 568 1543 quae
589 1500 745 1544 pecora
764 1484 922 1544 magis,
949 1500 1080 1543 quam
1100 1482 1298 1526 homines
1321 1466 1453 1526 alant.
1480 1482 1589 1526 Labi
1610 1499 1713 1526 vero

343 1578 420 1621 per
446 1578 539 1605 eam
570 1562 709 1606 multa
736 1580 868 1623 quam
896 1564 1083 1607 maxima
1109 1561 1332 1622 relabique
1363 1562 1564 1619 flumina,
1600 1579 1714 1623 gem-

341 1658 433 1685 mas
457 1643 801 1703 margaritasque
822 1642 1079 1703 volventia.)
1100 1642 1363 1696 Jotvzandes,
1387 1642 1444 1686 de
1467 1641 1550 1685 reb.
1578 1643 1710 1686 Getic.

341 1737 377 1764 c.
407 1737 453 1766 11.

403 1803 619 1845 Homerus
654 1812 782 1863 poeta
814 1803 858 1845 in
893 1803 1061 1846 Graecia
1098 1801 1275 1857 claruit,
1312 1812 1360 1845 ut
1396 1802 1456 1845 ait
1485 1799 1712 1845 Cornelius

341 1880 507 1940 Nepos,
525 1891 625 1924 ante
645 1880 951 1941 Olympiadem
971 1882 1177 1941 primam,
1200 1891 1300 1925 ante
1321 1880 1473 1924 urbem
1491 1880 1710 1924 conditam

340 1974 454 2003 anno
483 1961 717 2004 centesimo
739 1961 942 2004 vicesimo
961 1970 1133 2021 quarto.
1158 1960 1390 2019 Frecalsas
1408 1961 1707 2014 Lexovzensis,

344 2037 504 2082 Clzrotz.
533 2048 637 2082 tom.
665 2056 701 2096 1,
728 2038 800 2082 lib.
834 2056 905 2096 111,
935 2057 971 2083 c.
998 2058 1037 2101 7.

678 2185 985 2229 EPISTOLA
1020 2187 1370 2230 CORNELIAE

771 2314 935 2344 MATRIS
962 2314 1273 2346 GRACCHORUM.

396 2438 493 2480 XII.
530 2438 658 2482 Dices
695 2437 930 2499 pulchrum
971 2457 1060 2483 esse
1100 2440 1298 2484 inimicos
1336 2439 1495 2484 ulcisci.
1535 2440 1584 2484 Id
1624 2458 1701 2485 nc-

334 2531 418 2574 que
443 2517 604 2577 majus,
637 2534 776 2578 neque
803 2518 1027 2579 pulchrius
1056 2520 1284 2580 cuiquam,
1320 2529 1450 2579 atque
1476 2536 1567 2563 esse
1595 2521 1701 2564 mihi

335 2594 524 2650 videtur3
563 2597 637 2639 sed
676 2599 710 2640 si
745 2597 872 2641 liceat
907 2598 1074 2658 republ.
1116 2598 1232 2641 salva
1272 2614 1320 2641 ea
1357 2600 1570 2660 persequi.
1615 2599 1700 2644 Sed
