1859 3310
745 267 877 301 DlON.
1444 265 1489 299 5'3

128 359 228 393 cuta
243 360 307 394 est
327 350 466 394 subita
491 350 770 393 commutatio
787 367 794 392 :
813 349 929 409 quod
946 349 1117 392 fortuna
1136 365 1210 391 sua
1235 347 1490 403 mobilitate,

127 445 257 488 quem
292 429 422 489 paulo
446 439 547 472 ante
569 428 805 479 extulerat,
835 428 1083 489 demergere
1118 436 1180 471 est
1209 427 1374 470 adorta.
1403 428 1490 470 Pri-

128 525 246 552 mum
281 509 323 552 in
356 507 467 561 filio,
495 507 547 550 de
573 525 660 568 quo
694 507 1032 552 commemoravi
1064 523 1194 566 supra
1213 541 1224 562 ,
1253 522 1374 550 suam
1404 506 1491 548 vim

128 588 331 632 exercuit.
355 588 468 631 Nam
493 604 627 647 quum
653 604 832 633 uxorem
855 589 1115 644 reduxisset,
1137 607 1232 650 quae
1254 589 1324 632 alii
1349 588 1488 632 fuerat

130 666 307 722 tradita,
335 666 559 727 filiumque
582 666 713 711 vellet
741 685 943 713 revocare
966 669 1019 712 ad
1049 669 1253 712 virtutem
1275 684 1298 710 a
1322 665 1493 727 perdita

127 744 323 802 luxuria3
353 747 520 806 accepit
542 748 842 808 gravissimum
870 765 1024 809 parens
1053 747 1210 792 vulnus
1236 756 1376 790 morte
1399 743 1490 789 filii.

126 826 295 870 Deinde
318 837 412 871 orta
434 827 646 873 dissensio
669 839 733 873 est
756 830 870 873 inter
893 846 989 873 eum
1013 839 1055 872 et
1083 826 1356 872 Heraclidem
1381 843 1390 869 :
1414 828 1487 886 qui

124 906 324 966 quidem,
357 908 491 952 Dioni
521 909 813 969 principatum
851 925 937 952 non
975 907 1235 961 concedenS,
1261 906 1490 950 factionem

127 990 407 1047 comparavit.
450 989 603 1047 Neque
637 989 671 1031 is
709 988 851 1031 minus
888 986 1054 1031 valebat
1088 984 1204 1046 apud
1237 986 1492 1044 optimates,

124 1082 312 1126 quorum
340 1083 551 1110 consensu
578 1077 759 1127 praeerat
786 1067 930 1123 classi,
959 1082 1094 1125 quum
1116 1065 1231 1109 Dion
1255 1064 1491 1107 exercitum

127 1144 368 1205 pedestrem
396 1155 574 1188 teneret.
601 1147 703 1189 Non
733 1144 833 1188 tulit
854 1145 936 1188 hoc
964 1144 1110 1187 animo
1137 1160 1261 1203 aequo
1289 1144 1427 1195 Dion,
1452 1153 1495 1186 et

126 1240 298 1268 versum
327 1222 450 1267 illum
479 1225 657 1268 Homeri
689 1223 839 1268 retulit
870 1240 920 1267 ex
951 1222 1138 1266 secunda
1170 1221 1423 1282 rhapsodia,
1449 1223 1491 1265 in

127 1319 214 1363 quo
237 1304 327 1347 haec
353 1304 566 1348 sententia
591 1314 655 1348 est
677 1321 685 1346 :
710 1324 728 1345 α
746 1306 847 1348 Nou
872 1319 995 1363 posse
1017 1303 1126 1346 bene
1150 1303 1239 1363 geri
1263 1300 1495 1362 rempubli-

126 1399 221 1426 cam
248 1381 486 1427 multorum
519 1385 761 1444 imperiis.»
785 1382 918 1439 Quod
954 1382 1118 1426 dictum
1149 1398 1306 1441 magna
1331 1381 1494 1426 invidia

130 1472 361 1506 consecuta
385 1473 462 1507 est.
481 1464 680 1523 Namque
700 1463 919 1523 aperuisse
941 1461 1190 1517 videbatur,
1217 1477 1260 1504 se
1282 1461 1429 1504 omnia
1450 1461 1493 1504 in

128 1559 204 1586 sua
224 1551 436 1602 potestate
458 1558 548 1586 esse
577 1540 700 1585 velle.
733 1545 854 1585 Hanc
884 1540 955 1584 ille
983 1558 1070 1584 non
1104 1540 1240 1584 lenire
1268 1540 1494 1600 obsequio,

127 1621 203 1664 sed
223 1622 458 1666 acerbitate
480 1622 728 1682 opprimere
754 1620 943 1675 studuit,
960 1619 1340 1679 Heraclidemque,
1359 1636 1495 1679 quum

127 1703 360 1762 Syracusas
388 1701 594 1756 venisset,
620 1699 965 1743 interficiendum
991 1699 1173 1743 curavit.

189 1783 287 1826 VII.
317 1780 449 1837 Quod
480 1780 642 1823 factum
669 1780 871 1823 omnibus
898 1779 1137 1822 maximum
1161 1779 1362 1822 timorem
1392 1780 1496 1839 inje-

127 1863 219 1904 cit:
251 1876 380 1903 nemo
405 1860 541 1912 enim,
572 1858 645 1901 illo
676 1859 923 1912 interfecto,
952 1875 995 1901 se
1024 1868 1165 1901 tutum
1198 1859 1392 1917 putabat.
1417 1857 1496 1901 Ille

128 1949 295 1996 autem,
325 1939 572 1982 adversario
600 1948 792 1993 remoto,
823 1937 1025 1981 licentius
1054 1953 1204 1980 eorum
1230 1937 1364 1993 bona,
1388 1954 1496 1997 quos

127 2020 290 2065 sciebat
321 2019 526 2063 adversus
550 2036 593 2062 se
623 2019 825 2072 sensisse,
854 2016 1067 2060 militibus
1102 2016 1358 2076 dispertivit.
1392 2017 1500 2073 Qui-

127 2101 207 2144 bus
234 2099 401 2155 divisis,
432 2115 565 2158 quum
598 2097 843 2158 quotidiani
882 2097 1059 2141 maximi
1090 2095 1242 2139 fierent
1277 2104 1497 2156 sumptus,

129 2180 325 2224 celeriter
355 2180 541 2240 pecunia
564 2179 706 2222 deesse
734 2179 889 2239 coepit,
918 2193 1075 2238 neque,
1099 2193 1185 2237 quo
1214 2192 1369 2219 manus
1402 2193 1498 2236 por·

129 2262 309 2321 rigeret,
341 2259 619 2320 suppetebat,
651 2259 732 2301 nisi
768 2260 812 2301 in
841 2259 1081 2302 amicorum
1115 2256 1419 2316 possessiones.
1447 2255 1497 2298 Id

130 2338 381 2400 hujusmodi
407 2348 521 2394 erat,
546 2348 612 2394 ut,
643 2353 778 2397 quum
812 2335 970 2380 milites
995 2334 1340 2390 reconciliasset,
1370 2335 1497 2378 amit-

132 2428 240 2462 teret
261 2419 504 2479 optimates.
520 2418 721 2473 Quarum
736 2433 880 2459 rerum
902 2431 1006 2458 cura
1026 2415 1327 2475 frangebatur,
1348 2423 1411 2467 et,
1432 2415 1498 2457 in·

131 2509 278 2542 suetus
312 2496 426 2542 male
458 2497 683 2551 audiendi,
711 2513 798 2542 non
827 2513 951 2557 aequo
980 2496 1126 2538 animo
1161 2495 1342 2551 ferebat,
1367 2493 1419 2537 de
1452 2510 1496 2537 se

131 2576 184 2621 ab
220 2578 271 2621 iis
298 2576 411 2621 male
446 2577 709 2633 existimari,
740 2593 926 2637 quorum
959 2574 1090 2636 paulo
1126 2583 1225 2618 ante
1261 2574 1303 2618 in
1340 2573 1495 2618 coelum

132 2657 272 2701 fuerat
306 2656 442 2701 elatus
482 2656 693 2701 laudibus.
723 2655 893 2717 Vulgus
926 2665 1089 2710 autem,
1120 2654 1282 2698 offensa
1321 2655 1363 2698 in
1395 2669 1488 2698 eum
