1859 3310
598 205 1012 241 OBSERVATIONES.
1422 204 1493 240 205

119 286 304 331 similiter,
323 300 365 322 ac
388 295 555 322 nostrum
578 286 824 330 Gesclzmack,
849 286 984 333 Smag‚
1006 286 1104 320 cadit
1125 299 1228 333 aeque
1248 288 1284 321 in
1309 289 1496 335 cogitandi

119 360 161 382 ac
179 348 218 382 in
237 348 422 384 sentiendi
442 349 638 383 rationem.
658 347 742 382 Pari
761 347 877 382 modo
898 347 1177 394 interpretanda
1192 355 1277 381 sunt
1290 349 1403 384 verba
1418 362 1497 396 quae

119 409 333 455 praecedunt
353 423 360 443 :
382 409 553 444 Hominis
570 421 642 443 non
661 408 869 442 beatissimi
879 408 1129 455 suspicionem
1148 408 1340 454 praeberet.
1355 410 1498 445 Revera

119 470 244 506 beatus
268 471 342 506 dici
368 478 528 506 meretur
553 469 598 514 is,
626 469 691 517 qui
709 482 854 505 summo
874 470 990 504 animi
1010 471 1134 514 bono,
1158 470 1384 517 frugalitate,
1402 470 1497 505 frui—

121 538 191 566 tur.
205 532 279 567 Sed
292 531 482 578 usurpavit
499 531 609 566 etiam
629 531 821 566 Juvenalis
844 544 995 576 vocem,
1023 544 1068 567 ex
1094 544 1198 566 more
1226 533 1498 576 Romanorum,

118 605 189 640 pro
214 593 349 636 divite,
374 605 439 627 seu
465 592 575 627 bonis
604 592 765 627 externis
791 591 980 627 affluente.

170 655 216 689 X.
253 653 399 688 Catonis
426 665 505 700 cap.
535 666 609 698 111,
640 653 903 688 describuntur
932 653 1010 700 ejus
1044 654 1230 701 Origines,
1259 666 1321 688 seu
1339 653 1500 689 historiae

119 727 282 750 romanae
307 714 395 749 libri
421 721 574 761 septem.
594 715 748 749 Librum
769 715 866 749 hunc
891 715 1037 762 magnis
1067 715 1212 750 extollit
1238 716 1412 750 laudibus
1433 715 1496 750 Ci-

119 788 222 820 cero,
247 775 313 810 sed
337 775 447 810 docet
469 775 597 819 simul,
620 775 696 822 jam
723 788 790 811 suo
818 783 987 823 tempore
1010 776 1158 811 fastidio
1184 776 1292 811 fuisse
1310 776 1497 811 Romanis.

120 835 369 872 Confirmatur
394 837 503 881 inde,
530 837 633 884 quod
659 838 728 872 sub
751 837 899 872 initium
925 837 1034 883 hujus
1062 837 1330 872 dissertationis
1353 838 1501 882 monui,

120 898 295 933 accidisse
319 899 497 933 Romanis
522 898 621 933 idem
634 926 643 944 ,
663 899 766 946 quod
785 899 886 946 apud
906 912 974 934 nos
993 898 1074 933 fieri
1092 899 1277 943 videmus,
1297 906 1335 933 ut
1354 912 1424 946 pro
1443 900 1501 934 vi—

121 959 335 994 cissitudine
360 967 572 1007 temporum
601 967 637 995 et
665 960 817 1007 linguae,
843 960 936 994 boni
961 972 1110 1007 quoque
1138 960 1225 994 libri
1250 960 1502 1006 negligantur,

121 1020 372 1064 fastidiantur,
391 1021 527 1068 aliique
552 1021 592 1055 in
614 1034 743 1056 eorum
769 1022 890 1056 locum
912 1021 959 1056 ad
977 1029 1121 1068 tempus
1140 1021 1357 1066 succedant,
1378 1022 1501 1056 mino-

121 1081 171 1117 ris
196 1082 292 1117 forte
319 1082 440 1129 pretii.
467 1082 569 1117 Utile
594 1090 647 1118 est
669 1082 839 1117 conferre
866 1095 950 1117 cum
976 1082 1141 1117 Cornelii
1164 1082 1416 1130 descriptione
1445 1084 1503 1119 Ci-

123 1143 268 1178 ceronis
297 1143 498 1189 judicium,
516 1144 617 1178 Brut.
644 1156 674 1178 c.
709 1155 750 1187 17
782 1156 789 1177 :
819 1159 833 1175 «
856 1145 938 1177 Jam
969 1156 1059 1177 vero
1093 1144 1262 1191 Origines
1289 1144 1365 1190 ejus
1390 1158 1501 1195 *quein

122 1202 275 1249 florem,
302 1212 365 1240 aut
387 1205 488 1251 quod
513 1205 639 1239 lumen
663 1204 885 1251 eloquentiae
910 1217 987 1239 non
1013 1205 1176 1240 habent?
1202 1207 1395 1241 Amatores
1418 1206 1504 1241 huic

123 1266 275 1310 desunt,
298 1266 389 1301 sicut
407 1266 531 1301 multis
550 1266 627 1313 jam
653 1273 737 1301 ante
761 1266 890 1301 seculis
909 1274 944 1301 et
965 1266 1119 1301 Philisto
1148 1267 1361 1314 Syracusio,
1380 1275 1415 1303 et
1434 1268 1504 1315 ipsi

123 1326 342 1375 Thucydidi.
374 1329 471 1362 Nam
507 1335 546 1362 ut
574 1328 708 1362 horum
737 1327 894 1362 concisis
926 1328 1138 1372 sententiis,
1175 1328 1364 1363 interdum
1394 1329 1505 1364 etiam

124 1402 202 1424 non
238 1389 324 1424 satis
352 1389 511 1437 apertis,
542 1402 657 1436 quum
692 1389 895 1433 brevitate,
921 1396 999 1424 tum
1025 1389 1142 1424 nimio
1172 1390 1357 1435 acumine,
1390 1390 1506 1426 officit

124 1451 391 1498 Theopompus
414 1450 574 1486 elatione
593 1457 703 1497 atque
728 1450 921 1485 altitudine
947 1450 1125 1486 orationis
1148 1464 1270 1486 suae....
1295 1452 1370 1486 Cur
1393 1452 1507 1499 igitur

124 1512 248 1560 Lysias
273 1519 309 1547 et
335 1512 543 1560 Hyperides
567 1519 729 1563 amatur,
756 1525 867 1559 quum
890 1511 1037 1559 penitus
1060 1512 1254 1559 ignoretur
1284 1513 1403 1548 Calo?
1428 1516 1505 1548 An-

125 1572 265 1620 tiquior
294 1580 348 1608 est
375 1573 481 1619 hujus
509 1586 651 1617 sermo,
677 1580 712 1608 et
740 1573 905 1620 quaedam
933 1573 1147 1608 horridiora
1175 1574 1310 1618 verba3
1335 1574 1385 1608 ita
1407 1575 1506 1609 enim

125 1640 202 1668 tum
222 1634 482 1681 loquebantur.
511 1634 556 1669 Id
581 1641 682 1669 muta
710 1655 762 1660 —-
781 1634 857 1680 jam
885 1634 1072 1669 neminem
1099 1642 1303 1681 antepones
1327 1634 1467 1671 Catoni.
1491 1652 1505 1666 υ

177 1696 283 1731 Hanc
302 1695 490 1731 Ciceronis
507 1695 764 1731 defensionem
780 1696 988 1743 legentibus
1002 1708 1080 1731 non
1099 1696 1169 1732 erit
1181 1696 1316 1731 mirum
1328 1723 1338 1741 ,
1356 1697 1507 1732 Catonis

125 1757 465 1805 praestantissimum
484 1770 576 1805 opus
591 1757 813 1804 jamdudum
835 1757 998 1805 periisse.

464 1876 519 1919 V.
562 1874 896 1921 Observationes
921 1875 1158 1919 historica).

178 2003 279 2038 Nihil
304 2004 421 2051 magis
447 2004 598 2051 expedit
616 2005 663 2039 ad
687 2011 852 2039 auctores
874 2012 1017 2040 veteres
1041 2017 1123 2039 cum
1143 2004 1265 2040 fructu
1284 2005 1410 2052 aliquo
1431 2006 1508 2041 his-

127 2064 252 2099 torieae
281 2065 505 2112 cognitionis
536 2066 734 2112 legendos,
769 2078 879 2113 quam
902 2067 1059 2101 alterum
1085 2078 1129 2101 ex
1158 2067 1275 2100 altero
1303 2067 1508 2113 explicare,

128 2127 310 2174 supplere.
334 2128 415 2162 Hoc
434 2127 674 2162 commodum
697 2140 718 2162 a
741 2134 1073 2162 commentatorum
1099 2126 1260 2162 maxima
1286 2134 1390 2174 parte
1416 2128 1508 2163 frus-

128 2195 184 2222 tra
203 2193 447 2235 exspectatur.
470 2189 583 2224 Pauci
606 2189 703 2223 inter
722 2201 805 2233 eos,
831 2188 893 2236 qui
920 2189 1024 2223 cordi
1045 2188 1258 2224 habuerunt
1284 2201 1509 2235 promovere

130 2249 383 2297 cognitionem
395 2250 557 2285 historiae
569 2250 704 2285 veteris
718 2276 727 2294 ,
747 2251 954 2297 allegarunt
979 2251 1082 2285 locos
1104 2248 1327 2296 scriptorum
1345 2250 1392 2284 ad
1411 2263 1509 2285 eamu

130 2311 215 2346 dem
227 2324 306 2346 rem
318 2311 545 2359 pertinentes
557 2338 566 2356 ,
580 2324 671 2359 quos
686 2312 858 2346 evolvere
876 2324 954 2346 non
974 2311 1150 2357 cujusque
1170 2317 1223 2344 est
1242 2310 1400 2345 lectoris.
1415 2313 1508 2346 Pau-

131 2373 268 2417 ciores,
287 2372 383 2408 inter
404 2386 497 2420 quos
522 2373 744 2417 Lambinus,
769 2374 871 2407 locos
899 2380 1110 2416 auctorum,
1133 2384 1263 2406 eorum
1288 2373 1509 2418 praesertim,

131 2434 194 2482 qui
212 2435 332 2469 minus
356 2435 394 2469 in
416 2435 586 2469 manibus
605 2434 769 2469 tironum
793 2441 1004 2478 versantur,
1022 2434 1060 2468 in
1081 2434 1327 2469 annotatione
1348 2434 1509 2482 exscrip-

94 2487 96 2490 ’
131 2503 276 2541 serunt;
295 2503 332 2530 at
356 2496 585 2543 paucissimi,
607 2503 774 2530 auctores
794 2496 832 2530 in
859 2496 1004 2530 diversa
1028 2495 1207 2530 abeuntes
1229 2503 1290 2530 aut
1312 2496 1508 2531 conciliare

132 2558 228 2592 inter
240 2570 296 2602 se,
314 2565 396 2602 aut,
414 2570 454 2592 re
473 2557 621 2605 cognita
633 2584 642 2601 ,
652 2558 831 2604 judicium
855 2558 901 2593 de
927 2558 978 2592 eis
992 2558 1088 2592 ferre
1107 2557 1381 2601 sustinuerunt,
1395 2570 1506 2604 quum

134 2620 269 2655 erroris
293 2632 448 2667 arguere
474 2627 683 2665 auctorem,
706 2632 814 2667 quem
843 2626 1160 2663 commentantur,
1188 2618 1373 2666 piaculum
1406 2620 1507 2666 quasi
