1859 3310
436 247 667 283 CORNELII
699 246 903 281 NEPOTIS
932 246 1229 281 ALCIBIADES.
1460 254 1478 285 ’ς
1487 253 1504 285 ’),

144 330 355 373 tissimum
383 346 392 373 ε
423 339 491 384 ut,
522 331 555 371 si
590 329 679 388 ipse
708 327 871 387 fingere
902 327 1052 382 vellet,
1079 344 1217 386 neque
1249 327 1374 388 plura
1402 331 1515 374 bona

144 409 381 465 reminisci,
409 423 546 467 neque
572 407 736 465 majora
762 416 905 466 posset
929 407 1152 466 consequi,
1180 423 1311 466 quam
1335 408 1400 451 vel
1433 409 1514 452 sor-

144 496 245 530 tuna
278 486 341 530 vel
371 496 525 529 natura
551 486 772 528 tribuerat.
802 487 982 528 Ineunte
1016 485 1318 543 adolescentia,
1350 497 1516 532 amatus

142 574 203 609 est
227 582 251 608 a
277 564 440 620 multis,
466 582 586 609 more
611 566 865 608 Graecorum
892 581 901 607 ε
932 565 974 607 in
1000 565 1059 608 eis
1083 582 1106 608 a
1130 567 1326 621 Socrate,
1353 565 1405 609 de
1430 583 1516 626 quo

140 645 403 689 mentionem
436 644 538 688 facit
567 644 689 687 Plato
725 645 770 687 in
800 645 1040 704 Symposio.
1075 646 1277 705 Namque
1317 661 1416 689 eum
1451 645 1516 689 in-

139 724 262 768 duxit
302 733 741 779 commemorantem,
783 740 827 767 se
867 733 1138 784 pernoctasse
1175 741 1274 767 cum
1312 726 1514 779 Socrate,

139 820 275 864 neque
302 803 424 848 aliter
449 805 503 847 ab
530 821 581 848 eo
610 804 864 860 surrexisse,
894 821 943 847 ac
966 803 1079 847 filius
1106 821 1130 847 a
1158 814 1334 865 parente
1362 805 1516 848 debue-

139 883 204 926 rit.
234 885 519 944 Posteaquam
546 884 763 927 robustior
790 893 853 927 est
881 883 1043 937 factus,
1070 900 1157 926 non
1187 885 1330 926 minus
1357 884 1515 928 multos

136 964 317 1019 amavit3
356 964 400 1006 in
437 980 626 1024 quorum
662 980 831 1019 amore,
870 962 1014 1023 quoad
1048 962 1213 1006 licitum
1248 973 1333 1017 est,
1367 963 1514 1007 odiosa

138 1041 274 1086 multa
314 1042 491 1086 delicate
527 1045 760 1102 jocoseque
796 1043 895 1086 fecit
933 1059 943 1085 :
981 1058 1076 1101 quae
1112 1041 1392 1097 referremus,
1433 1043 1515 1085 nisi

137 1123 301 1183 majora
326 1124 582 1183 potioraque
610 1123 882 1166 haberemus.

197 1203 275 1246 III.
316 1201 437 1245 Bello
467 1201 861 1262 Peloponnesiaco,
890 1203 1021 1262 hujus
1050 1200 1231 1245 consilio
1260 1211 1389 1261 atque
1415 1218 1516 1245 auc-

135 1282 308 1326 toritate
333 1283 617 1327 Athenienses
651 1282 814 1326 bellum
847 1283 1125 1343 Syracusanis
1157 1282 1431 1338 indixerunt3
1461 1282 1512 1325 ad

134 1361 251 1421 quod
269 1361 506 1422 gerendum
529 1363 622 1423 ipse
646 1362 733 1406 dux
757 1362 948 1406 delectus
975 1372 1049 1406 est.
1078 1364 1179 1406 Duo
1203 1372 1410 1422 praeterea
1433 1361 1518 1405 col-

135 1439 238 1502 legae
271 1440 383 1498 dati,
412 1442 559 1486 Nicias
593 1451 634 1485 et
662 1442 923 1486 Lamachus.
959 1441 1008 1484 Id
1042 1457 1177 1501 quum
1210 1451 1516 1502 appararetur,

135 1521 256 1580 prius
288 1537 419 1581 quam
450 1520 596 1565 classis
625 1522 780 1577 exiret,
811 1521 989 1575 accidit,
1021 1531 1069 1564 ut
1097 1538 1184 1564 una
1214 1530 1339 1564 nocte
1367 1537 1516 1564 omnes

134 1603 324 1656 Hermae,
348 1602 423 1661 qui
451 1603 495 1644 in
520 1600 683 1662 oppido
709 1611 830 1644 erant
855 1601 1054 1657 Athenis,
1082 1600 1383 1660 dejicerentur,
1410 1617 1517 1660 prae-

133 1688 198 1723 ter
226 1695 386 1735 unum,
417 1680 492 1740 qui
522 1690 621 1723 ante
644 1680 825 1740 januam
856 1689 948 1723 erat
979 1679 1230 1724 Andocidis.
1260 1681 1412 1738 Itaque
1444 1679 1516 1722 ille

132 1769 279 1820 postea
305 1760 548 1804 Mercurius
573 1760 810 1804 Andocidis
829 1761 1042 1804 vocitatus
1066 1769 1139 1803 est.
1166 1762 1260 1803 Hoc
1284 1775 1420 1819 quum
1441 1776 1517 1820 ap-

133 1849 303 1900 pareret
327 1856 415 1883 non
440 1839 532 1883 sine
556 1857 712 1900 magna
738 1839 978 1884 multorum
1006 1839 1288 1883 consensione
1313 1855 1403 1882 esse
1430 1839 1517 1882 fac-

134 1929 248 1974 tum,
276 1917 394 1979 quod
420 1936 508 1963 non
534 1918 588 1962 ad
617 1920 854 1980 privatam,
879 1918 953 1962 sed
978 1918 1032 1962 ad
1058 1916 1279 1978 publicam
1304 1935 1396 1961 rem
1420 1935 1517 1978 per-

134 1999 312 2054 tineret3
343 2015 526 2060 magnus
563 1998 831 2043 multitudini
858 1999 989 2042 timor
1020 2008 1083 2042 est
1112 1999 1314 2059 injectus,
1345 2015 1400 2041 ne
1431 2014 1515 2058 qua

134 2079 356 2140 repentina
391 2079 456 2122 vis
486 2079 531 2122 in
565 2079 736 2123 civitate
768 2079 1008 2135 exsisteret,
1042 2094 1137 2139 quae
1169 2078 1412 2121 libertatem
1438 2094 1517 2138 op-

135 2159 338 2219 primeret
366 2157 531 2219 populi.
563 2160 658 2202 Hoc
689 2159 873 2202 maxime
901 2158 1136 2202 convenire
1167 2158 1211 2200 in
1247 2157 1514 2201 Alcibiadem

136 2238 382 2295 videbatui-3
412 2238 531 2300 quod
556 2248 598 2282 et
624 2239 857 2300 potentior,
883 2248 925 2282 et
951 2238 1104 2298 major,
1137 2254 1269 2298 quam
1296 2237 1516 2297 privatus,

137 2319 474 2364 existimabatur.
500 2318 665 2363 Multos
689 2319 806 2362 enim
832 2318 1086 2362 liberalitate
1112 2316 1387 2371 devinxeram
1417 2315 1518 2376 plu-

137 2416 202 2443 res
226 2400 356 2443 etiam
375 2416 507 2461 opera
530 2398 689 2443 forensi
715 2415 815 2442 suos
834 2397 1094 2441 reddiderat.
1122 2398 1272 2454 Quare
1296 2396 1446 2452 fiebat,
1467 2405 1517 2439 ut

136 2480 332 2523 omnium
365 2478 538 2533 oculos,
569 2479 912 2539 quotiescunque
942 2478 985 2520 in
1019 2476 1245 2537 publicum
1277 2475 1515 2537 prodisset,

138 2559 191 2603 ad
216 2576 260 2603 se
283 2568 572 2612 converteret,
598 2575 737 2618 neque
759 2558 797 2601 ei
822 2575 901 2619 par
925 2558 1156 2618 quisquam
1179 2558 1224 2600 in
1243 2557 1418 2600 civitate
1438 2572 1514 2615 po-

142 2648 324 2683 neretur.
359 2641 509 2699 Itaque
536 2656 623 2682 non
653 2638 792 2682 solum
822 2654 942 2699 spem
974 2639 1015 2681 in
1046 2654 1097 2681 eo
1128 2637 1347 2681 habebant
1377 2635 1513 2679 maxi-

1297 2716 1323 2759 3
