1859 3310
388 203 433 245 48
723 208 950 244 CORNELn
977 207 1190 243 NEPoTts
1217 205 1399 242 coNON.

441 294 495 336 V.
517 291 685 336 Accidit
704 292 825 346 huic,
843 291 957 351 quod
979 292 1130 334 ceteris
1149 289 1426 343 mortalibus,
1446 298 1494 332 ut
1512 288 1749 333 inconside-

381 372 512 416 ratior
536 372 580 415 in
606 372 816 426 secunda,
834 388 965 431 quam
984 372 1028 413 in
1054 370 1234 414 adversa
1258 380 1369 414 esset
1392 369 1582 413 fortuna.
1612 369 1750 423 Nam,

378 451 510 495 classe
533 450 954 511 Peloponnesiorum
973 449 1160 505 devicta,
1177 467 1313 510 quum
1339 448 1480 494 ultum
1503 466 1546 493 se
1569 449 1751 508 injurias

376 532 526 591 patriae
558 539 755 590 putaret,
790 528 916 589 plura
940 530 1213 589 concupivit,
1237 546 1369 590 quam
1394 529 1562 573 efficere
1594 529 1750 589 potuit.

375 611 527 669 Neque
552 619 697 652 tamen
722 624 772 651 ea
793 624 883 650 non
905 609 977 668 pia
997 618 1039 652 et
1063 609 1289 668 probanda
1311 609 1509 665 fuerunt,
1529 608 1647 669 quod
1670 625 1749 669 po-

376 690 457 732 tius
481 689 631 748 patriae
652 704 755 747 opes
774 689 945 748 augeri,
967 705 1098 747 quam
1122 690 1260 749 regis,
1283 687 1450 732 maluit.
1476 691 1591 734 Nam
1614 706 1748 749 quum

374 784 577 828 magnam
598 768 903 811 auctoritatem
925 767 1006 810 sibi
1031 784 1179 828 pugna
1199 766 1272 810 illa
1296 767 1459 824 navali,
1483 785 1614 828 quam
1633 769 1750 829 apud

371 847 563 892 Cnidum
585 847 768 901 fecerat,
785 847 1100 902 constituisset,
1116 863 1206 889 non
1225 845 1365 889 solum
1386 847 1500 890 inter
1522 848 1750 901 barbaros,

370 927 445 972 sed
469 928 599 971 etiam
625 928 738 971 inter
763 943 914 970 omnes
936 926 1116 970 Graeciae
1138 926 1336 969 civitates
1353 942 1364 980 ;
1383 924 1494 969 clam
1519 926 1622 970 dare
1647 943 1751 987 ope-

368 1025 461 1052 ram
484 1009 636 1069 coepit,
661 1018 710 1051 ut
731 1008 900 1051 Ioniam
923 1016 966 1050 et
988 1005 1175 1050 AEoliam
1197 1007 1446 1050 restitueret
1466 1006 1747 1051 Atheniensi-

368 1088 461 1132 bus.
484 1088 535 1132 Id
555 1104 689 1148 quum
716 1088 861 1131 minus
885 1086 1116 1147 diligenter
1141 1095 1252 1129 esset
1276 1084 1484 1143 celatum,
1503 1087 1748 1144 Tiribazus,

368 1168 443 1228 qui
471 1167 678 1211 Sardibus
706 1175 917 1227 praeerat,
946 1168 1172 1210 Cononem
1202 1167 1426 1224 evocavit,
1458 1165 1666 1210 simulans
1694 1167 1749 1210 ad

367 1264 514 1309 regem
535 1264 635 1291 eum
659 1263 703 1291 se
727 1247 901 1289 mittere
925 1244 1055 1299 velle,
1074 1262 1234 1307 magna
1260 1246 1312 1289 de
1337 1263 1397 1290 re.
1424 1247 1564 1307 Hujus
1588 1248 1747 1291 nuntio

367 1344 524 1388 parens
551 1343 686 1387 quum
711 1327 920 1382 venisset,
945 1326 989 1369 in
1015 1324 1191 1369 vincula
1214 1326 1439 1386 conjectus
1465 1336 1528 1370 est
1553 1344 1563 1370 :
1588 1328 1631 1370 in
1657 1330 1748 1388 qui-

365 1408 446 1451 bus
476 1406 734 1467 aliquandiu
770 1405 866 1449 fuit.
893 1405 1001 1449 Inde
1035 1404 1238 1449 nonnulli
1273 1422 1373 1449 eum
1400 1406 1454 1449 ad
1490 1423 1636 1468 regem
1672 1408 1748 1451 ab·

366 1486 569 1542 ductum,
604 1486 751 1546 ibique
782 1485 982 1546 periisse,
1015 1485 1226 1546 scriptum
1258 1484 1543 1546 reliquerunt.
1579 1489 1744 1531 Contra

367 1583 416 1610 ca
438 1567 589 1611 Dinon
612 1566 867 1620 historicus,
893 1566 962 1609 cui
982 1582 1061 1609 nos
1081 1566 1322 1626 plurimum
1342 1565 1395 1608 de
1417 1567 1596 1627 persicis
1615 1567 1744 1611 rebus

365 1646 602 1704 credimus,
624 1647 830 1709 effugisse
855 1647 1026 1707 scripsit
1051 1663 1060 1689 ε
1088 1644 1197 1689 illud
1220 1645 1474 1702 addubitat,
1503 1657 1653 1691 utrum
1679 1648 1745 1691 Ti-

365 1728 510 1771 ribazo
535 1728 718 1783 sciente,
746 1743 800 1772 an
829 1725 1128 1787 imprudente,
1157 1725 1217 1769 sic
1244 1724 1422 1770 factum.
