1859 3310
297 242 343 277 82
743 241 973 276 CORNELII
1003 239 1208 274 NEPOTIS

361 327 477 370 VIII.
499 328 734 385 Postquam
757 325 935 367 domum
959 323 1147 365 reditum
1171 331 1253 377 est,
1273 320 1448 382 collegae
1469 323 1560 382 ejus
1578 323 1659 366 hoc

297 407 477 449 crimine
508 404 834 448 accusabantur.
874 402 1047 458 Quibus
1075 400 1145 444 ille
1175 402 1373 461 permisit
1405 411 1453 445 ut
1484 417 1659 444 omnem

297 501 470 529 causam
499 485 542 526 in
570 499 612 526 se
635 480 937 535 transferrent,
963 496 1124 540 suaque
1140 496 1270 540 opera
1293 480 1455 523 factum
1483 490 1661 523 conten-

296 565 446 608 derent
473 573 520 606 ut
552 562 634 622 legi
664 577 751 603 non
776 559 1012 602 obedirent.
1042 560 1140 615 Qua
1167 559 1412 603 defensione
1440 559 1522 602 illis
1547 560 1660 619 peri-

296 643 394 687 culo
424 642 639 695 liberatis,
669 655 796 683 nemo
826 638 1173 698 Epaminondam
1197 655 1508 699 responsurum
1536 649 1660 699 puta-

295 724 391 775 bat,
419 719 535 780 quod
558 719 662 778 quid
694 718 857 761 diceret
880 735 967 761 non
992 718 1182 761 haberet.
1207 721 1263 762 At
1287 717 1357 761 ille
1382 719 1425 761 in
1444 717 1659 777 judicium

294 802 438 854 venit3
470 797 578 842 nihil
612 814 762 841 eorum
794 798 969 858 negavit
997 813 1093 857 quae
1121 797 1354 840 adversarii
1393 797 1563 840 crimini
1589 796 1661 840 da-

294 882 417 934 bant,
458 878 689 938 omniaque
728 893 823 937 quae
862 876 1036 938 collegae
1077 876 1275 920 dixerant
1313 875 1532 920 confessus
1568 886 1660 931 est;

295 976 432 1019 neque
479 958 693 1002 recusavit
729 957 963 1017 quominus
1003 955 1107 1016 legis
1145 972 1317 1016 poenam
1356 956 1546 1010 subiret3
1587 955 1662 999 sed

294 1056 430 1083 unum
462 1039 515 1082 ab
555 1039 605 1082 iis
643 1038 795 1098 petivit
831 1047 880 1080 ut
912 1038 955 1080 in
992 1035 1188 1097 periculo
1223 1052 1302 1079 suo
1337 1035 1660 1079 inscriberent:

295 1134 623 1163 EPAMINONDAS
650 1133 678 1160 A
702 1132 927 1161 THEBAle
951 1131 1108 1160 MORTE
1137 1131 1381 1159 MULTATUS
1408 1131 1504 1171 EST,
1534 1130 1662 1168 Quoi)

295 1214 375 1242 Eos
410 1212 575 1242 coEG1T
610 1212 735 1241 APUD
771 1211 978 1240 LEUCTRA
1009 1210 1246 1240 SUPERARE
1278 1210 1660 1250 LACEDAEMONIOS,

295 1294 411 1331 QUOS
440 1293 560 1322 ANTE
594 1294 641 1320 >E
675 1290 1013 1320 IMPERATOREM
1046 1290 1176 1318 NEMO
1206 1290 1497 1319 BOEOTIORUM
1521 1290 1663 1320 Ausus

295 1373 400 1402 FUIT
424 1373 637 1401 ASPICERE
665 1372 712 1400 IN
739 1371 860 1409 AC1E;
883 1370 1103 1407 QUODQUE
1134 1371 1228 1398 Utro
1261 1370 1445 1399 PROELIO
1469 1370 1565 1399 NON
1588 1370 1663 1399 So-

295 1453 393 1482 LUM
416 1452 588 1480 THEBAS
606 1452 662 1480 ΑΒ
685 1450 900 1480 INTERITU
925 1450 1174 1487 RETRAXIT,
1202 1450 1284 1478 SED
1308 1449 1453 1478 ETIAM
1473 1449 1666 1478 UNIVER-

295 1534 386 1562 SAM
420 1533 637 1562 GRAECIAM
674 1532 719 1560 IN
753 1530 1041 1559 LIBERTATEM
1074 1529 1364 1568 VINDICAVIT,
1400 1529 1550 1566 EOQUE
1585 1530 1665 1559 RES

295 1613 615 1649 UTRORIJMQLTE
636 1611 885 1648 PERDUXIT,
904 1611 963 1639 UT
982 1610 1181 1639 THEBANI
1199 1609 1411 1638 SPARTAM
1431 1609 1667 1638 OPPUGNA-

297 1693 432 1733 RENT,
457 1691 776 1720 LACEDAEMONII
803 1691 925 1719 SATls
954 1689 1195 1718 HABERENT
1219 1689 1257 1716 si
1281 1689 1409 1717 SALvl
1434 1689 1535 1717 ESSE
1563 1690 1666 1717 Pos-

297 1772 430 1809 SENT3
457 1771 608 1807 NEQUE
637 1771 769 1799 PRIL’S
801 1770 1002 1798 BELLARE
1029 1769 1251 1808 DESTITIT,
1283 1768 1436 1809 QUAM,
1465 1769 1666 1798 MESSENE

297 1851 605 1890 CONSTITUTA,
646 1851 802 1879 URBEM
841 1849 1001 1878 EORUM
1042 1848 1283 1876 OBSIDIONE
1322 1848 1523 1876 CLAUSIT.
1566 1835 1667 1876 Haec

299 1932 432 1975 quum
460 1915 654 1969 dixisset,
675 1915 786 1958 risus
807 1913 1002 1957 omnium
1027 1928 1127 1955 cum
1146 1910 1365 1954 hilaritate
1388 1921 1563 1955 coortus
1583 1922 1667 1965 est;

298 2011 438 2054 neque
462 1995 690 2054 quisquam
713 1993 846 2053 judex
868 2008 995 2036 ausus
1019 2001 1084 2035 est
1111 1991 1164 2034 de
1187 2007 1236 2034 co
1259 1990 1371 2034 ferre
1393 1990 1662 2051 suffragium.

299 2075 368 2117 Sic
393 2090 417 2116 a
440 2073 605 2134 judicio
633 2073 784 2132 capitis
811 2071 999 2114 maxima
1022 2070 1218 2114 discessit
1242 2068 1390 2130 gloria.

361 2155 436 2196 IX.
478 2153 560 2196 Hic
606 2161 799 2194 extremo
834 2160 1028 2210 tempore
1071 2150 1307 2209 imperator
1352 2148 1467 2209 apud
1508 2150 1669 2192 Manti-

301 2250 446 2287 neam,
469 2248 604 2292 quum
623 2233 713 2275 acie
736 2231 949 2274 instructa
969 2229 1176 2273 audacius
1200 2230 1380 2272 instaret
1401 2221 1571 2284 hostes,
1596 2244 1668 2271 co-

301 2314 445 2374 gnitus
469 2328 492 2354 a
515 2310 874 2365 Lacedaemoniis,
898 2309 1015 2369 quod
1038 2309 1080 2351 in
1112 2309 1239 2351 unius
1262 2308 1452 2368 pernicie
1475 2308 1566 2367 ejus
1591 2323 1666 2367 pa-

304 2394 394 2435 triae
417 2392 543 2435 sitam
558 2389 770 2451 putabant
788 2388 989 2444 salutem,
1008 2389 1197 2431 universi
1224 2388 1267 2430 in
1290 2403 1427 2430 unum
1457 2388 1665 2446 impetum

302 2471 520 2524 fecerunt,
544 2486 684 2529 neque
707 2471 826 2529 prius
849 2470 1172 2521 abscesserunt,
1197 2483 1345 2527 quam,
1374 2482 1529 2526 magna
1555 2465 1668 2509 caede

303 2551 436 2605 facta,
461 2549 694 2609 multisque
717 2549 890 2604 occisis,
907 2548 1136 2591 fortissime
1157 2548 1297 2607 ipsum
1321 2545 1667 2605 Epaminondam

305 2639 589 2690 pugnantem,
620 2644 747 2688 sparo
774 2629 942 2671 eminus
977 2642 1252 2686 percussum,
1292 2625 1520 2668 concidere
1553 2624 1669 2668 vide-
