1859 3310
365 209 409 247 44
603 201 836 237 CORNELII
865 203 1074 238 NEPOTIS
1103 202 1471 238 THRASYBULUS.

350 286 446 330 bem
475 287 701 338 tenebant,
730 285 831 329 fecit
860 302 1011 346 pacem
1042 286 1108 329 his
1138 285 1461 329 conditionibus
1496 302 1505 328 :
1540 302 1593 329 ne
1626 287 1726 346 qui,

351 376 504 427 praeter
526 366 702 426 triginta
734 375 964 425 tyrannm,
992 375 1034 408 et
1058 364 1203 408 decem
1219 400 1230 421 ,
1254 365 1330 425 qui
1354 375 1503 426 postea
1524 375 1728 425 praetores

350 447 503 500 creati,
533 445 766 506 superioris
793 461 914 487 more
943 443 1210 489 crudelitatis
1236 455 1360 489 crant
1387 446 1473 501 usi,
1504 444 1729 489 afficeren-

351 536 422 570 tur
445 525 616 580 exsilio,
643 541 750 568 neve
777 525 892 567 bona
919 524 1267 584 publicarentur3
1295 525 1543 586 reipublicae
1573 541 1732 586 procu-

350 607 459 648 ratio
482 603 646 664 populo
671 603 937 646 redderetur.
958 602 1221 647 Praeclarum
1242 605 1325 648 hoc
1347 621 1520 665 quoque
1545 605 1733 664 Thrasy-

351 683 463 738 buli,
483 683 619 743 quod,
640 680 918 726 reconciliata
942 698 1066 743 pace,
1086 699 1222 743 quum
1243 682 1482 743 plurimum
1499 685 1543 727 in
1563 684 1732 727 civitate

352 773 516 824 posset,
541 761 680 822 legem
708 760 825 816 tulit,
852 779 906 806 ne
936 763 1031 822 quis
1059 771 1356 806 anteactarum
1383 779 1529 806 rerum
1559 779 1734 807 accusa-

352 852 494 898 retur,
534 858 640 885 neve
677 840 935 885 multaretur
973 859 981 885 :
1015 858 1197 901 eamque
1233 840 1296 885 illi
1333 841 1470 902 legem
1505 841 1733 885 oblivionis

353 921 640 982 appellarunt.
666 922 819 981 Neque
841 938 944 965 vero
969 920 1080 964 hanc
1101 930 1272 964 tantum
1299 920 1521 965 ferendam
1544 922 1734 977 curavit;

353 1001 426 1046 sed
451 1002 604 1056 etiam,
628 1010 677 1045 ut
698 1000 879 1057 valeret,
905 1001 1060 1045 effecit.
1087 1002 1202 1045 Nam
1227 1018 1361 1061 quum
1391 1000 1568 1061 quidam
1593 1018 1645 1045 ex
1670 1002 1736 1045 his

352 1082 426 1142 qui
446 1080 575 1125 simul
597 1098 697 1125 cum
717 1098 768 1125 eo
792 1082 837 1125 in
861 1080 1010 1125 exsilio
1028 1081 1222 1136 fuerant,
1242 1080 1403 1125 caedem
1423 1081 1564 1125 facere
1585 1097 1737 1125 eorum

355 1161 539 1218 vellent,
576 1178 676 1206 cum
709 1161 867 1222 quibus
895 1161 940 1205 in
975 1162 1161 1223 gratiam
1194 1160 1385 1206 reditum
1418 1170 1532 1218 erat3
1567 1160 1739 1222 publice

355 1243 600 1303 prohibuit,
630 1251 672 1286 et
698 1241 742 1285 id
769 1240 888 1302 quod
914 1240 1133 1303 pollicitus
1158 1251 1276 1298 erat,
1306 1241 1516 1303 praestitit.

418 1324 494 1367 IV.
530 1322 662 1378 Huic,
685 1338 766 1382 pro
789 1322 922 1366 tantis
944 1322 1130 1379 meritis,
1151 1322 1332 1366 honoris
1354 1337 1515 1365 corona
1533 1337 1557 1364 a
1574 1318 1739 1382 populo

355 1404 455 1447 data
473 1412 554 1459 est,
574 1402 687 1447 facta
704 1402 874 1446 duabus
891 1401 1074 1464 virgulis
1092 1401 1303 1464 oleaginis
1323 1419 1332 1446 :
1353 1418 1468 1463 quae,
1485 1401 1604 1461 quod
1618 1417 1741 1445 amor

357 1485 541 1541 civium,
574 1501 663 1527 non
697 1484 760 1528 vis
793 1493 1081 1544 expresserat,
1116 1483 1283 1528 nullam
1316 1483 1470 1527 habuit
1504 1482 1741 1535 invidiam,

357 1581 603 1626 magnaque
629 1564 714 1608 fuit
740 1562 893 1626 gloria.
922 1567 1038 1609 Bene
1066 1581 1170 1625 ergo
1198 1565 1393 1609 Pittacus
1423 1562 1515 1618 ille,
1546 1563 1621 1623 qui
1647 1579 1742 1623 sep-

357 1655 444 1689 tem
471 1646 716 1706 sapientum
746 1661 931 1688 numero
961 1654 1024 1688 est
1051 1645 1251 1700 habitus,
1279 1660 1416 1704 quum
1441 1643 1479 1686 ei
1505 1641 1742 1702 Mitylenaei

356 1725 492 1769 multa
515 1724 653 1769 millia
677 1727 884 1787 jugerum
907 1725 1000 1786 agri
1029 1725 1202 1769 muneri
1228 1723 1403 1778 darent,
1431 1722 1635 1778 «Nolite,
1664 1738 1741 1765 oro

355 1822 455 1861 vos,
482 1806 649 1865 inquit,
673 1805 717 1849 id
741 1806 849 1849 mihi
873 1804 974 1848 dare
999 1821 1007 1848 :
1033 1804 1152 1865 quod
1175 1803 1302 1848 multi
1327 1803 1571 1858 invideant,
1596 1799 1743 1863 plures

357 1887 485 1929 etiam
514 1886 825 1946 concupiscant
850 1902 859 1929 :
886 1901 1022 1946 quare
1054 1901 1105 1928 ex
1139 1884 1230 1928 istis
1257 1882 1360 1927 nolo
1396 1882 1582 1944 amplius
1610 1897 1744 1942 quam

358 1976 533 2010 centum
556 1966 733 2027 jugera,
763 1983 858 2027 quae
883 1975 926 2010 et
949 1982 1091 2009 meam
1119 1965 1253 2009 animi
1282 1964 1549 2025 aequitatem,
1581 1971 1623 2006 et
1652 1978 1745 2006 ves-

357 2058 469 2090 tram
494 2045 764 2090 voluntatem
792 2046 997 2089 indicent.
1021 2046 1135 2089 Nam
1161 2061 1296 2106 parva
1323 2060 1524 2099 munera,
1551 2042 1742 2098 diutina;

358 2125 619 2187 locupletia,
648 2142 737 2169 non
769 2126 948 2186 propria
979 2142 1070 2169 esse
1099 2133 1474 2169 consueverunt.»
1504 2121 1584 2166 Illa
1613 2122 1746 2183 igitur

356 2222 520 2251 corona
538 2215 766 2249 contentus
787 2204 1103 2266 Thrasybulus,
1130 2221 1272 2266 neque
1292 2203 1477 2264 amplius
1500 2202 1745 2264 requisivit,

360 2303 501 2347 neque
520 2302 785 2346 quemquam
806 2286 974 2330 honore
993 2302 1037 2330 se
1055 2286 1327 2330 antecessisse
1348 2284 1621 2328 existimavit.
1641 2284 1744 2334 Hic,

360 2367 558 2427 sequenti
596 2376 820 2427 tempore,
861 2383 997 2426 quum
1036 2375 1195 2427 praetor
1236 2363 1415 2409 classem
1457 2363 1511 2407 ad
1549 2362 1746 2407 Ciliciam

362 2447 624 2508 appulisset,
664 2464 806 2507 neque
827 2442 945 2491 'satis
983 2446 1212 2508 diligenter
1249 2447 1294 2489 in
1334 2445 1484 2489 castris
1522 2445 1612 2504 ejus
1649 2460 1746 2504 age-

362 2537 512 2570 rentur
546 2527 730 2587 vigiliae,
765 2545 787 2572 a
820 2528 1040 2581 barbaris,
1070 2544 1121 2571 ex
1152 2525 1315 2587 oppido
1350 2534 1481 2568 noctu
1521 2523 1747 2584 eruptione

365 2608 493 2661 sacta,
521 2609 564 2650 in
594 2606 877 2652 tabernaculo
904 2607 1155 2651 interfectus
1184 2616 1256 2651 est.
