1859 3310
349 196 418 231 166
621 197 845 232 CORNELII
881 197 1082 231 ΝΕΡΟΤΙὸ
1113 197 1419 232 FRAGMENTA.

346 282 474 324 vitam
511 291 677 324 tantum
712 281 866 324 laboris
900 281 1026 342 culpa
1059 293 1132 325 tua
1167 282 1364 340 recipias,
1395 279 1455 323 uti
1496 279 1539 321 iu
1576 277 1695 321 nullo

347 371 541 421 tempore
568 371 658 404 tute
686 361 761 403 tibi
790 360 954 420 placere
979 363 1124 420 possis.

407 516 651 578 [Cornelius
678 520 829 578 Nepos
857 520 900 560 in
933 517 1037 561 libro
1067 519 1121 562 cle
1145 520 1359 563 historicis
1386 517 1551 571 latinis,
1582 516 1635 560 de

822 596 954 640 laude
991 597 1216 641 Ciceronis.

408 755 526 797 XIII.
562 755 661 798 Non
695 754 893 813 ignorare
926 753 1072 810 debes,
1105 771 1240 798 unum
1274 755 1355 798 hoc
1385 772 1519 815 genus
1548 754 1698 797 latina-

347 849 444 876 rum
463 832 703 876 litterarum
718 833 858 876 adhuc
872 850 959 876 non
975 833 1105 877 modo
1123 850 1210 877 non
1228 833 1485 894 respondere
1506 834 1701 887 Graeciae,

348 912 421 955 sed
447 913 626 956 omnino
656 912 763 955 rude
789 922 917 972 atque
950 913 1199 956 inchoatum
1227 923 1366 956 morte
1393 913 1616 956 Ciceronis
1643 928 1704 954 re-

348 991 508 1035 lictum.
534 990 610 1034 Ille
631 992 745 1034 enim
767 991 849 1035 fuit
874 1008 1005 1048 unus,
1030 992 1103 1051 qui
1127 993 1317 1052 potuerit
1339 1001 1380 1035 et
1401 992 1528 1035 ctiam
1553 990 1705 1035 debue-

348 1072 404 1114 rit
429 1071 652 1114 historiam
685 1070 812 1131 digna
843 1087 944 1115 voce
974 1072 1257 1131 pronuntiare
1287 1089 1295 1114 :
1326 1072 1486 1131 quippe
1514 1071 1588 1130 qui
1616 1086 1706 1113 ora-

348 1151 502 1194 toriam
526 1149 814 1210 eloquentiam
838 1149 987 1193 rudem
1011 1167 1034 1193 a
1055 1151 1290 1210 majoribus
1313 1160 1533 1210 acceptam
1556 1166 1706 1209 perpo-

349 1229 506 1285 liverit‚
538 1228 855 1289 philosophiam
878 1239 976 1273 ante
1005 1246 1103 1273 eum
1133 1230 1394 1290 incomptam
1419 1229 1595 1273 latinam
1629 1246 1706 1273 sua

348 1308 681 1352 conformaverit
717 1310 925 1352 oratione.
966 1311 1031 1351 Ex
1072 1326 1158 1369 quo
1195 1309 1365 1365 dubito,
1400 1310 1574 1353 interitu
1615 1310 1707 1369 ejus

349 1398 496 1432 utrum
519 1403 587 1431 res
612 1387 805 1449 publica,
833 1404 887 1431 an
916 1388 1096 1432 historia
1123 1389 1259 1449 magis
1285 1388 1441 1433 doleat.

411 1465 626 1527 Locuples
653 1484 703 1511 ac
727 1467 873 1512 divina
899 1478 1074 1526 natura,
1099 1485 1186 1529 quo
1211 1469 1418 1528 majorem
1443 1469 1508 1513 sui
1537 1479 1709 1529 pareret

350 1547 700 1604 admirationem,
720 1547 1112 1609 ponderatioraque
1133 1565 1210 1593 sua
1232 1558 1374 1592 essent
1391 1548 1621 1606 beneficia,
1640 1566 1710 1592 ne-

350 1643 434 1687 que
459 1628 535 1670 uni
567 1628 711 1671 omnia
738 1626 861 1684 dare,
889 1644 969 1672 nec
1000 1645 1149 1673 rursus
1174 1629 1376 1688 cuiquam
1403 1629 1546 1672 omnia
1574 1627 1710 1691 voluit

350 1704 542 1767 negare.]
