1859 3310
335 213 405 261 196
684 215 891 250 JOANNIS
921 216 1067 250 HENR.
1100 216 1355 251 SCHLEGEL

382 300 444 333 VI.
474 298 657 334 Ruditatis
687 306 722 334 et
751 299 789 333 in
819 300 912 347 stylo
939 307 974 334 ct
999 300 1036 334 iu
1064 301 1172 335 rebus
1203 299 1384 334 accusavit
1412 298 1567 343 librum,
1599 312 1705 345 quein

331 367 523 407 tantopere
551 360 701 407 plurimi
727 361 1006 404 commendant,
1038 362 1189 408 Caspar
1214 360 1409 402 Bardulis,
1436 366 1708 407 argumentatus

330 422 435 466 inde,
454 423 577 457 seculo
591 421 747 467 Augusti
767 433 843 455 non
863 433 940 455 esse
961 422 1118 457 omnino
1139 422 1304 469 dignum.
1325 423 1509 455 Monstrat
1523 428 1619 455 certe
1632 421 1708 455 haec

330 483 614 531 argumentandi
637 482 752 524 ratio,
781 481 989 525 Bartliium,
1014 484 1180 528 quamvis
1206 483 1374 530 apprime
1405 482 1708 525 doctum,rerum

330 546 574 580 humanarum
606 543 752 578 modice
789 542 898 577 fuisse
931 554 1098 589 gnarum.
1132 545 1386 589 Extollantur‚
1424 543 1507 590 jure
1542 543 1709 590 quidem,

330 605 500 640 maximis
525 603 694 638 laudibus
728 604 848 637 secula
872 603 934 638 illa
962 603 1112 638 Periclis
1135 611 1170 638 et
1195 605 1358 651 Augusti.
1386 606 1435 639 At
1460 604 1540 651 quis
1567 603 1708 647 credat,

330 668 425 702 inter
449 672 550 699 tanta
576 664 735 708 lumina,
758 676 837 711 quae
863 665 983 699 secula
1005 664 1065 698 illa
1093 663 1341 709 illustrarunt,
1366 678 1445 700 non
1473 665 1582 699 fuisse
1606 665 1709 712 ignes

329 728 512 769 minores,
546 725 690 759 nullum
725 725 961 768 audaculum,
993 725 1055 771 qui
1087 725 1221 772 scripta
1251 738 1328 770 sua,
1359 727 1466 773 parvi
1494 726 1579 761 licet
1609 726 1708 761 aesti-

329 796 444 831 mata,
468 786 629 822 ediderit
654 785 801 821 tamen?
820 786 988 821 Credidit
1007 787 1176 822 Barthius
1189 813 1198 830 ,
1215 787 1307 822 vitas
1330 800 1418 834 quas
1440 788 1617 822 habemus
1638 790 1709 822 Im-

328 858 558 898 peratorum,
578 848 760 895 originem
787 847 936 894 quidem
960 848 1104 883 trahere
1124 861 1144 882 a
1168 848 1343 883 Cornelio
1363 850 1524 895 Nepote,
1549 850 1613 884 sed
1633 863 1708 884 essc

329 912 498 958 sequiore
531 923 609 945 aevo
639 910 687 944 ab
712 909 862 944 AEmilio
887 909 1013 943 Probo
1033 916 1240 956 correptaS,
1259 922 1321 944 seu
1352 909 1474 956 potius
1506 918 1706 957 corruptas.

329 973 557 1020 Praecipuum
577 985 620 1007 ex
643 971 718 1017 ejus
739 970 964 1017 argumentis
986 983 1062 1005 esse
1082 970 1193 1005 video
1214 970 1417 1016 insignem,
1440 984 1549 1018 quam
1577 971 1614 1005 in
1634 971 1706 1005 vita

329 1033 524 1081 Iphicratis
547 1032 850 1067 animadvertisse
878 1043 916 1066 se
940 1031 1102 1078 putavit,
1126 1031 1479 1075 contradictionem,
1503 1044 1611 1078 quam
1633 1032 1707 1077 jam

330 1096 397 1130 sub
411 1107 565 1130 examen
584 1094 781 1129 revocabo.
796 1093 943 1128 Judicat
962 1093 1129 1127 Barthius
1141 1121 1150 1137 ,
1164 1093 1276 1128 verba
1292 1093 1467 1137 auctoris,
1486 1093 1621 1140 Ipliicr.
1639 1106 1689 1127 111
1700 1120 1709 1137 ‚

336 1170 365 1192 1.
399 1157 476 1192 Sed
492 1158 529 1191 ιή
553 1156 679 1190 labore
703 1155 873 1190 renzzlrsus
895 1155 1024 1197 nimis,
1036 1168 1248 1203 parumque
1264 1156 1433 1202 patiens,
1455 1163 1496 1190 ut
1514 1156 1568 1189 alt
1593 1154 1709 1189 Theo-

324 1230 500 1266 pompm,
521 1230 596 1252 non
616 1217 817 1252 convenire
835 1229 943 1263 posse
963 1216 1000 1250 in
1021 1229 1124 1260 eum,
1145 1216 1207 1263 qui
1226 1216 1426 1251 secundum
1446 1229 1475 1250 c.
1503 1229 1515 1250 1
1530 1243 1539 1260 ,
1561 1228 1600 1260 2,
1613 1217 1709 1250 mul-

331 1287 407 1313 tum
441 1279 480 1312 in
513 1279 614 1313 bello
646 1286 827 1321 versatus,
853 1278 963 1311 multa
1007 1277 1046 1311 in
1078 1290 1117 1312 re
1143 1277 1293 1312 militari
1321 1290 1420 1313 nova
1452 1278 1588 1322 attulit3
1617 1290 1709 1313 con-

331 1340 465 1384 cludit,
492 1352 569 1375 esse
598 1340 684 1374 talia
710 1339 865 1386 indigna
896 1351 1014 1373 aureae
1044 1339 1158 1373 aetatis
1192 1347 1357 1383 auctore,
1391 1339 1550 1386 ideoque
1581 1352 1659 1374 non
1689 1354 1709 1374 a

331 1401 526 1446 Cornelio,
553 1401 617 1436 sed
642 1414 662 1435 a
680 1401 805 1435 Probo
829 1401 985 1448 prolata.
1007 1400 1167 1444 Asserit‚
1186 1400 1409 1447 Iphicratem
1427 1401 1627 1447 aliquando
1647 1413 1709 1436 ex-

331 1464 526 1511 probrasse
555 1462 813 1506 Pharnabazo,
845 1474 922 1498 esse
951 1474 1032 1496 eum
1060 1462 1182 1497 verbis
1214 1462 1389 1506 alacrem,
1412 1462 1523 1496 rebus
1551 1462 1707 1496 tardum.

332 1527 416 1570 Quo
442 1538 525 1569 ore,
546 1537 616 1572 qua
635 1524 780 1569 fronte,
803 1524 924 1571 inquit
942 1523 1130 1567 Barthius,
1150 1523 1312 1558 barbaro
1332 1523 1462 1557 vitium
1482 1523 1709 1570 exprobrare

330 1587 509 1634 potuisset
531 1586 753 1633 Iphicrates,
771 1586 843 1620 nisi
867 1586 1024 1633 ipsemet
1047 1585 1186 1620 laboris
1210 1592 1245 1620 et
1266 1585 1490 1620 strenuitatis
1509 1585 1581 1620 sibi
1603 1598 1710 1620 cons-

330 1649 405 1684 cius
427 1648 578 1683 fuisset?
605 1648 754 1682 Valeret
779 1647 1059 1694 quodammodo
1087 1654 1361 1694 argumentum,
1388 1647 1418 1682 si
1450 1647 1591 1682 animus
1616 1654 1709 1682 esset

329 1710 522 1757 Iphicratis
543 1722 687 1744 causam
707 1709 862 1743 omnino
881 1708 1082 1755 suscipere,
1107 1715 1142 1743 et
1161 1720 1243 1742 eum
1263 1707 1393 1755 quovis
1412 1708 1526 1743 modo
1547 1722 1564 1742 a
1586 1709 1709 1743 Theo-

329 1771 459 1818 pompi
483 1770 772 1818 reprehensione
802 1770 972 1805 liberare.
997 1769 1072 1805 Sed
1100 1776 1197 1804 certe
1220 1769 1392 1804 concludi
1416 1769 1503 1804 inde
1534 1783 1613 1804 non
1634 1783 1707 1817 po-

329 1839 399 1868 test
425 1833 485 1876 id,
518 1832 619 1879 quod
650 1833 730 1866 vult
756 1831 934 1866 Barthius.
965 1833 1088 1878 Nepos
1120 1831 1217 1865 enim
1244 1838 1280 1866 et
1307 1831 1459 1878 quisque
1486 1831 1577 1866 alius
1607 1832 1708 1868 aurei

329 1894 440 1929 seculi
463 1894 622 1941 scriptor
647 1893 781 1929 latinus
808 1906 886 1928 non
907 1900 1054 1940 poterat
1071 1892 1239 1938 judicare
1262 1892 1307 1927 de
1327 1892 1551 1939 imperatore
1569 1906 1707 1940 graeco‚

330 1955 399 1990 nisi
424 1956 625 1990 secundum
647 1968 707 1999 ea,
733 1968 812 2002 quae
835 1954 909 1989 fide
933 1954 1066 2002 dignus
1088 1954 1219 2001 aliquis
1238 1954 1335 1989 inter
1356 1954 1551 1989 historicos
1570 1967 1707 2002 graecos

329 2017 542 2052 tradiderat.
563 2017 743 2052 Nominat
760 2017 832 2051 hoc
856 2017 940 2051 loco
959 2015 1089 2061 judicii
1110 2015 1165 2050 sui
1184 2023 1387 2059 auctorem,
1406 2016 1704 2063 Theopompum.

329 2077 374 2111 Et
415 2090 516 2124 quae,
560 2090 700 2124 quaeso,
745 2077 992 2112 contradictio
1033 2077 1215 2123 reperitur
1258 2077 1354 2111 inter
1394 2077 1591 2124 Iphicratis
1640 2092 1703 2114 ca-

330 2145 393 2184 put
413 2151 427 2172 1
457 2146 493 2173 et
516 2138 592 2173 111?
618 2138 657 2173 Si
687 2138 766 2185 quis
790 2138 838 2171 ita
856 2138 1025 2183 judicans
1048 2137 1204 2171 nesciret
1230 2138 1399 2184 exempla
1426 2138 1600 2183 aliorum,
1626 2140 1705 2186 qui,

328 2199 411 2234 licet
433 2200 471 2233 in
490 2200 597 2235 bellis
619 2200 777 2243 strenui,
797 2199 834 2233 in
857 2199 985 2233 labore
1005 2206 1145 2242 tamen,
1164 2199 1202 2233 id
1229 2206 1281 2233 cst
1307 2199 1345 2233 in
1366 2200 1545 2246 negotiis,
1564 2201 1705 2236 remissi

328 2254 596 2307 nonnunquam
623 2262 741 2305 fuere,
766 2260 914 2295 edoceri
932 2260 1113 2306 potuisset
1139 2261 1199 2294 vel
1218 2260 1329 2295 solius
1352 2261 1551 2296 Alcibiadis
1575 2275 1702 2298 exem-

328 2322 408 2367 plo,
429 2328 465 2356 et
485 2322 557 2357 hoc
582 2322 712 2356 vitium
738 2329 773 2356 et
796 2322 896 2355 illam
918 2321 1093 2355 virtutem
1119 2333 1388 2369 nonnunquam
1409 2322 1448 2356 in
1475 2323 1607 2357 codem
1629 2324 1702 2358 ho—

325 2383 424 2417 mine
442 2383 610 2430 reperiri.

377 2445 460 2480 VII.
491 2446 586 2480 Sunt
607 2446 680 2481 loci
704 2445 742 2480 in
769 2446 916 2492 Nepote
941 2444 1147 2479 variatione
1175 2445 1348 2479 codicum
1371 2452 1442 2479 tam
1468 2446 1646 2493 ambigui,
1666 2454 1703 2481 ut

324 2505 502 2553 disputari
529 2520 574 2542 ex
600 2514 753 2555 utraque
778 2514 881 2553 parte
905 2506 1069 2541 veritatis
1095 2506 1254 2552 quadam
1275 2507 1396 2553 specie
1418 2507 1545 2554 possit.
1565 2508 1701 2543 Confe—

323 2580 401 2602 rain
414 2575 558 2603 tantum
578 2569 744 2604 codicem
764 2568 1026 2611 Thottianum,
1045 2568 1249 2603 editionem
1270 2569 1474 2614 principem
1487 2596 1496 2612 ,
1516 2576 1552 2603 et
1572 2569 1701 2604 Bosia—

322 2642 424 2673 nam,
447 2642 508 2664 seu
521 2656 532 2674 ,
551 2642 630 2676 quae
650 2643 730 2666 eam
752 2630 933 2678 sequitur,
960 2630 1242 2665 Fischcrianam.
