1859 3310
325 229 336 250 ι
352 229 363 251 ι
372 215 394 251 8
774 217 1004 251 CORNELII
1034 217 1237 252 NEPOTIS

321 308 495 359 negaret
523 318 542 339 «
569 315 612 342 se
641 297 797 341 bellum
830 300 1191 359 compositurum,
1226 299 1304 341 nisi
1342 296 1408 339 ille
1446 313 1542 339 cum
1579 298 1685 352 suis,

320 379 394 438 qui
418 380 597 438 Erycem
624 387 871 431 tenuerant,
893 378 1021 420 armis
1046 377 1222 432 relictis,
1250 375 1390 420 Sicilia
1412 375 1687 430 decederem3

322 457 626 500 succumbente
652 457 812 516 patria,
845 457 953 516 ipse,
983 457 1224 515 periturum
1253 472 1295 498 se
1325 456 1489 516 potius,
1515 454 1687 509 dixerit,

321 551 450 594 quam
471 551 569 577 cum
595 544 714 576 tanto
742 534 903 593 flagitio
931 533 1107 576 domum
1133 534 1289 577 rediret
1319 551 1327 577 :
1351 550 1437 576 non
1465 534 1576 576 enim
1604 548 1690 575 suae

321 629 410 656 esse
429 613 623 668 virtutis,
648 628 787 667 arma,
808 628 832 654 a
852 613 992 672 patria
1017 622 1191 672 accepta
1210 613 1413 655 adversus
1434 613 1596 665 hostes,
1622 610 1692 654 ad-

321 691 518 734 versariis
543 690 724 733 tradere.
746 710 766 730 >³
790 690 930 749 Hujus
950 691 1194 750 pertinaciae
1221 691 1343 734 cessit
1368 690 1561 734 Catulus.

382 770 435 811 Π.
471 772 528 812 At
549 767 639 825 ille,
657 779 705 812 ut
725 769 1032 828 Carthaginem
1054 770 1190 824 venit,
1211 768 1348 811 multo
1368 768 1510 823 aliter,
1530 785 1578 811 ac
1600 784 1692 828 spc-

320 847 464 903 rabat,
484 846 794 908 rempublicam
816 864 858 890 se
879 847 1107 891 habentem
1132 848 1335 907 cognovit
1359 864 1367 890 :
1394 864 1578 906 namque
1598 847 1690 890 diu-

320 927 529 969 turnitate
549 927 713 969 externi
738 925 835 969 mali
865 936 1034 969 tantum
1058 928 1215 969 exarsit
1240 926 1491 969 intestinum
1512 924 1692 979 bellum,

321 1015 370 1048 ut
390 1021 614 1065 nunquam
633 1006 725 1066 pari
747 1004 939 1065 periculo
959 1004 1087 1048 fuerit
1107 1005 1347 1065 Carthago,
1369 1005 1449 1047 nisi
1469 1020 1603 1063 quum
1624 1003 1695 1047 de-

321 1083 404 1128 leta
421 1094 496 1127 est.
518 1085 664 1128 Primo
689 1085 938 1127 mercenarii
964 1083 1138 1139 milites,
1159 1084 1233 1143 qui
1253 1083 1457 1126 adversus
1476 1085 1694 1127 Romanos

322 1162 514 1217 fuerant,
539 1163 813 1206 desciverunt
838 1180 846 1206 :
873 1180 1059 1222 quorum
1085 1179 1290 1206 numerus
1310 1172 1401 1205 erat
1427 1163 1578 1222 viginti
1603 1161 1696 1205 mil-

321 1241 440 1285 lium.
476 1243 532 1284 Hi
561 1251 694 1285 totam
728 1241 1028 1285 abalienarunt
1062 1241 1271 1297 Africam,
1306 1242 1439 1302 ipsam
1471 1242 1696 1301 Carthagi-

321 1337 419 1364 nem
446 1331 772 1381 oppugnarunt.
795 1321 966 1377 Quibus
990 1320 1111 1364 malis
1134 1321 1239 1364 adeo
1266 1330 1366 1364 sunt
1391 1322 1511 1365 Poeni
1538 1330 1696 1381 perter-

321 1401 413 1456 riti,
439 1410 487 1443 ut
511 1402 639 1444 etiam
663 1399 822 1443 auxilia
847 1417 872 1443 a
895 1402 1102 1444 Romanis
1126 1402 1376 1462 petiverint,
1403 1417 1536 1460 eaque
1562 1401 1694 1461 impe-

321 1481 490 1523 trarint.
514 1479 598 1523 Sed
622 1489 835 1535 extremo,
862 1496 998 1539 quum
1021 1497 1157 1540 prope
1172 1480 1261 1539 jam
1282 1479 1336 1522 ad
1356 1479 1694 1540 desperationem

322 1560 636 1620 pervenissent,
662 1558 949 1602 Hamilcarem
974 1560 1276 1620 imperatorem
1306 1558 1512 1602 fecerunt.
1539 1560 1580 1602 Is
1608 1575 1696 1601 non

323 1638 462 1682 solum
481 1639 625 1682 hostes
645 1656 669 1682 a
686 1639 822 1682 muris
842 1639 1117 1699 Carthaginis
1136 1640 1337 1695 removit,
1359 1655 1493 1699 quum
1513 1637 1696 1699 amplius

322 1728 496 1761 centum
516 1717 648 1761 millia
667 1718 779 1762 facta
800 1728 941 1762 essent
963 1728 1248 1774 armatorum3
1275 1718 1347 1761 sed
1364 1719 1491 1761 etiam
1514 1734 1564 1761 eo
1584 1733 1698 1761 com·

322 1796 455 1857 pulit,
483 1807 551 1853 ut,
578 1796 774 1840 locorum
803 1798 1013 1857 angustiis
1043 1797 1199 1854 clausi,
1232 1796 1376 1858 plures
1406 1796 1538 1850 fame,
1567 1812 1697 1857 quam

321 1875 457 1932 ferro,
479 1877 723 1933 interirent3
746 1877 890 1920 omnia
909 1876 1069 1937 oppida
1093 1876 1351 1932 abalienata,
1373 1877 1415 1919 in
1436 1877 1502 1919 his
1529 1877 1697 1920 Uticam

322 1964 451 2014 atque
472 1956 739 2016 Hipponem,
760 1955 1051 1999 valentissima
1071 1957 1203 1999 totius
1223 1956 1395 2012 Africae,
1416 1955 1603 2000 restituit
1623 1972 1696 2015 pa-

323 2035 414 2076 triae
446 2051 454 2076 :
485 2051 624 2093 neque
653 2051 704 2078 eo
739 2034 820 2077 fuit
848 2045 1102 2090 contentus,
1134 2035 1205 2078 sed
1234 2036 1360 2078 etiam
1394 2035 1500 2078 fines
1530 2020 1696 2095 imperii

323 2114 599 2173 propagavit,
618 2123 708 2157 tota
727 2113 872 2157 Africa
888 2124 1058 2156 tantum
1079 2115 1215 2157 otium
1237 2114 1441 2170 reddidit,
1464 2124 1512 2157 ut
1530 2112 1698 2157 nullum

324 2192 366 2233 in
387 2208 434 2235 ea
456 2190 616 2234 bellum
645 2192 864 2235 videretur
886 2192 1034 2236 multis
1055 2194 1178 2236 annis
1203 2193 1344 2236 fuisse.

385 2272 463 2313 III.
500 2272 646 2314 Rebus
672 2271 738 2314 his
768 2289 816 2314 ex
846 2274 1058 2315 sententia
1084 2273 1287 2333 peractis,
1310 2272 1457 2316 fidenti
1478 2273 1622 2315 animo
1642 2281 1699 2314 at-

321 2367 405 2410 que
432 2351 587 2395 infesto
613 2353 840 2408 Romanis,
867 2369 954 2412 quo
981 2352 1146 2396 facilius
1173 2369 1345 2396 causam
1372 2351 1559 2396 bellandi
1584 2367 1700 2411 repe-

322 2431 445 2485 riret,
475 2430 636 2486 effecit,
674 2441 723 2474 ut
755 2432 990 2492 imperator
1019 2449 1117 2475 cum
1147 2433 1335 2476 exercitu
1372 2433 1415 2475 in
1448 2431 1697 2491 Hispaniam

322 2510 585 2565 mitteretur,
615 2527 752 2570 eoque
783 2528 927 2554 secum
958 2511 1082 2555 duxit
1115 2511 1251 2555 silium
1283 2509 1592 2565 Hannibalem,
1624 2526 1699 2552 an-

322 2604 476 2632 norum
500 2606 666 2632 novem.
692 2592 789 2632 Erat
815 2600 1021 2650 praeterca
1041 2608 1138 2634 cum
1164 2608 1214 2633 co
1235 2589 1479 2634 adolescens
1501 2589 1699 2642 illustris,
