1859 3310
320 198 392 233 252
667 199 737 233 AD
764 197 1064 233 CORNELIUM
1093 195 1331 231 NEPOTEM

318 272 408 295 vero
439 259 640 295 Lambinus
666 260 821 295 verbum
847 258 1011 293 «differo
1029 276 1042 289 υ
1068 257 1291 304 ejiciendum
1316 263 1459 301 censet,
1482 256 1566 304 quia
1596 258 1688 292 Plu-

317 321 431 356 tarCh.
458 327 497 365 ιίς
517 327 617 371 αὔριον
638 326 680 359 τὰ
698 323 882 366 σπουδαῖα,
900 319 1058 354 SOlemnl.
1085 332 1151 354 SUO
1169 318 1266 354 faClt.
1287 320 1489 353 GEBHARD.

368 383 451 418 CAP.
467 383 530 417 lv.
555 382 706 428 Quoque
730 381 907 415 Messena
927 381 1080 415 celerius
1105 381 1368 415 restitueretur.
1394 382 1564 415 Messena
1579 407 1589 424 ,
1610 380 1689 416 sive

316 444 506 487 Messene,
547 449 655 488 caput
686 441 877 476 Messeniae
909 441 946 474 in
974 441 1252 487 Peloponneso3
1284 440 1399 476 hodie
1430 441 1685 485 Mam-omasi,

316 505 417 539 vicus
435 503 647 546 semirutus‚
667 502 705 537 in
726 514 800 549 quo
819 501 952 549 viginti
965 502 1202 537 solummodo
1221 502 1376 550 magalia
1389 531 1398 549 ,
1420 514 1542 550 neque
1560 503 1690 550 plures

316 579 424 614 quani
445 572 592 600 centum
619 564 764 601 circiter
782 564 912 599 incolae
933 570 1185 599 numerantur.

820 687 869 715 IN
904 686 1183 715 AGESILAUM.

367 795 450 830 Cn.
478 795 541 833 lv,
569 794 727 836 Boeotii,
759 793 941 840 ceterique
974 805 1099 828 corum
1127 793 1229 829 socii.
1259 793 1409 830 Scilicet
1439 795 1586 842 Argivi,
1613 796 1689 831 Co-

314 855 460 901 rinthii,
484 855 635 900 Euboei,
656 854 782 890 Locri.

366 918 448 952 CA».
475 917 559 952 vll.
590 917 638 951 Ut
659 917 763 951 nulla
785 915 822 950 in
850 927 887 950 re
910 914 1083 962 dg'fferret
1110 929 1136 951 a
1160 915 1316 962 cujusmsss
1338 917 1460 964 inopis
1483 924 1597 964 atque
1604 916 1690 964 pri-

314 979 395 1014 vati.
423 978 590 1014 Suhaudi
612 979 738 1013 domo.

365 1041 449 1076 eff.
462 1041 564 1076 VIII.
583 1040 706 1074 Tacho
725 1039 762 1073 in
785 1036 987 1087 AE'gyptum
1002 1039 1099 1074 isset.
1114 1040 1186 1074 Pro
1201 1039 1355 1074 «Tacho
1372 1054 1387 1070 »
1403 1055 1418 1071 «
1432 1038 1656 1074 Nectenabo
1674 1053 1689 1069 u

314 1101 364 1136 ait
389 1102 569 1149 Polyaen.,
598 1101 662 1136 lib.
690 1114 744 1145 11,
767 1100 805 1135 in
832 1102 974 1148 Agesil.
1001 1101 1140 1136 Comm.
1163 1112 1225 1136 22.

366 1165 470 1198 Inter
488 1164 651 1210 Cyrenas
679 1169 717 1197 et
739 1161 955 1211 AEgyptum.
971 1163 1143 1210 Cyrenae,
1169 1174 1232 1197 seu
1252 1163 1418 1211 Cyrene,
1441 1170 1555 1211 caput
1573 1163 1688 1212 Cyre-

313 1224 426 1260 naicae
450 1224 488 1259 in
508 1224 653 1268 Africa3
679 1224 792 1260 hodie
818 1224 962 1269 Ceyret,
987 1235 1104 1271 pagus
1127 1224 1262 1258 Barcae.

842 1355 890 1384 IN
925 1354 1164 1383 EUMENEM.

363 1459 445 1495 CAP.
475 1460 503 1496 I.
527 1460 735 1502 Eumenes,
764 1458 983 1494 Cardianus.
1010 1459 1109 1493 Bene
1138 1457 1391 1503 «Cardianus,
1415 1475 1429 1490 υ
1450 1471 1519 1494 nec
1545 1458 1687 1494 admit-

310 1520 483 1565 tendum,
505 1520 606 1567 quod
635 1520 698 1555 alii
724 1520 862 1566 velint,
889 1536 903 1551 «
922 1519 1169 1555 Sardianus.»
1200 1519 1261 1555 Sic
1290 1520 1390 1555 enim
1416 1521 1531 1556 habet
1556 1526 1687 1556 auctor

310 1582 538 1617 scholiorum
565 1582 604 1616 in
633 1581 896 1628 Aristophanis
921 1584 1013 1616 Aves
1037 1593 1048 1615 .·
1074 1583 1208 1631 Karpella.
1234 1587 1322 1626 πόλις
1347 1589 1494 1632 Θράκης,
1514 1584 1550 1626 ἧς
1575 1588 1602 1621 οἱ
1628 1600 1687 1620 πο·

309 1650 395 1682 λῖται
415 1646 607 1694 Καρδιανοί.

360 1705 443 1740 CAP.
464 1706 567 1739 VIII.
588 1706 665 1740 Per
687 1706 770 1740 loca
794 1706 886 1739 sola.
910 1705 939 1739 Ι.
961 1716 991 1739 e.
1005 1731 1013 1747 ,
1037 1703 1194 1739 deserta.
1217 1704 1361 1739 Eodem
1386 1717 1494 1740 sensu
1516 1706 1685 1751 Sallust.‚

307 1766 479 1812 Jugurth.
494 1779 506 1799 :
520 1766 641 1802 «Cum
655 1766 836 1814 expeditis
855 1766 1075 1801 cohortibus
1095 1772 1130 1801 et
1149 1773 1253 1813 parte
1273 1766 1454 1814 equitatus
1473 1766 1687 1814 proficisci-

307 1834 368 1862 tur
391 1827 429 1861 in
451 1828 532 1862 loca
560 1829 651 1863 sola.
675 1844 690 1859 n
1162 1823 1170 1828 ⁵

360 1890 444 1923 CM».
483 1890 552 1924 XI.
587 1891 709 1935 Quam
722 1888 853 1937 figura
876 1896 1043 1924 venusta.
1071 1891 1182 1925 Forte
1213 1902 1290 1924 non
1319 1889 1508 1925 immerito
1543 1889 1684 1926 dixeris

305 1950 368 1985 hic
392 1951 565 1986 laborare
590 1958 752 1995 textum,
779 1950 918 1998 quippe
943 1950 1007 1997 qui
1036 1963 1081 1986 eo
1108 1951 1148 1986 in
1176 1952 1260 1986 loco
1288 1952 1384 1986 mule
1410 1951 1595 1986 cohaerere
1626 1951 1685 1986 vi—

306 2012 449 2048 deatur.
471 2012 571 2057 Quid
585 2012 684 2047 enim
704 2013 758 2048 his
779 2013 815 2047 in
836 2011 991 2047 vocibus
1010 2029 1025 2044 ι(
1042 2013 1223 2059 dignitate
1250 2014 1402 2048 honesta
1416 2040 1425 2056 ,
1449 2029 1463 2044 »
1483 2019 1547 2048 et«
1565 2012 1683 2060 figura

305 2080 457 2108 venusta
477 2089 491 2103 υ
516 2073 644 2109 videre
665 2081 737 2118 cst,
765 2086 840 2122 quo
862 2072 1102 2109 confirmetur
1125 2074 1165 2110 id
1187 2074 1288 2122 quod
1313 2073 1495 2109 Eumenes
1522 2074 1569 2109 de
1597 2074 1681 2109 vir—

305 2140 383 2169 tute
401 2146 466 2169 sua
483 2132 705 2182 profitetur?

810 2258 857 2286 IN
890 2258 1176 2286 PHOCIONEM.

360 2364 442 2399 Cu».
458 2365 522 2399 111.
548 2362 707 2399 Causam
727 2364 833 2411 apud
852 2363 1068 2412 Philippum
1092 2375 1226 2410 regem.
1253 2362 1468 2411 Philippum
1488 2362 1668 2399 Aridaeum

306 2426 489 2472 intellige,
516 2425 598 2473 qui,
616 2432 766 2460 mortuo
786 2425 1002 2461 Alexandro
1016 2426 1157 2472 Magno
1171 2452 1181 2469 ,
1200 2437 1265 2459 rex
1286 2424 1352 2459 fuit
1372 2425 1567 2459 institutus.
1588 2426 1672 2459 Ma-

306 2489 395 2523 ritus
414 2495 493 2522 erat
516 2487 736 2534 Eurydices,
765 2500 875 2534 quam
900 2499 1016 2538 penes
1041 2486 1207 2533 aliosque
1229 2486 1432 2521 monitores
1454 2486 1507 2521 vis
1526 2486 1596 2521 fuit
1616 2492 1674 2520 at-

307 2562 377 2595 que
409 2547 626 2595 imperium,
657 2549 831 2596 Philippo
858 2548 949 2584 nihil
978 2547 1077 2583 aliud
1103 2546 1174 2583 nisi
1199 2547 1292 2594 regii
1320 2547 1481 2582 nominis
1506 2547 1675 2582 umbram

309 2610 458 2646 sibimet
479 2616 659 2645 servante.
