1859 3310
654 222 955 255 FRAGMENTA.
1410 222 1450 257 15
1459 223 1476 255 Γ»

129 303 191 362 gis
215 304 449 348 existimem
476 321 582 365 opus
607 317 696 347 esse
721 304 931 364 magistris
961 302 1148 358 vivendi,
1176 319 1302 361 quam
1330 304 1479 363 pleris-

130 397 231 440 que,
259 384 332 443 qui
358 385 402 426 in
437 400 485 427 ea
513 382 769 443 disputanda
797 392 1032 426 versantur.
1070 382 1208 426 Video
1242 382 1354 425 enim
1388 399 1478 426 ma-

131 476 257 520 gnam
286 471 449 521 partem
481 477 651 517 eorum,
678 462 753 521 qui
787 462 829 504 in
855 460 1001 504 schola
1033 461 1084 504 de
1117 460 1283 521 pudore
1309 470 1351 504 et
1377 477 1479 504 con-

130 540 309 584 tinentia
354 541 603 600 praecipiant
646 541 940 601 argutissime,
987 539 1155 583 eosdem
1200 542 1244 583 in
1287 540 1480 583 omnium

131 617 361 662 libidinum
397 618 701 679 cupiditatibus
742 620 896 663 vivere.
938 621 1221 674 Lactantius,
1257 620 1355 663 Diu.
1399 622 1483 662 ins-

131 700 194 740 tit.
221 713 294 751 111,
327 696 399 754 15,
432 715 495 742 10.

484 883 545 924 M.
581 883 778 926 TULLII
814 882 1124 925 CICERONIS

351 1018 409 1047 AD
435 1019 560 1049 CORN.
584 1019 783 1049 NEPOTEM
809 1018 1104 1049 EPISTOLARUM
1131 1017 1204 1047 LIB.
1231 1018 1270 1046 ΙΙ.

197 1167 345 1226 Itaque
368 1168 520 1222 nostri,
544 1183 677 1227 quum
700 1167 863 1224 omnia,
889 1183 981 1227 quae
1005 1166 1274 1222 dixissemus,
1298 1164 1408 1208 dicta
1427 1181 1489 1207 es-

137 1254 247 1299 sent;
273 1262 366 1306 quae
393 1246 527 1290 facete
555 1256 598 1290 et
623 1247 811 1290 breviter
834 1256 876 1290 et
902 1256 1023 1290 acute
1054 1245 1185 1289 locuti
1211 1260 1414 1300 essemus,
1441 1259 1487 1287 ea

138 1325 316 1385 proprio
341 1326 516 1369 nomine
540 1326 745 1387 appellari
770 1326 890 1371 dicta
919 1325 1162 1370 voluerunt.
1187 1323 1382 1369 Macrob.
1407 1325 1488 1368 Sa-

138 1412 250 1447 tarn.
277 1402 350 1447 lib.
381 1420 434 1458 11,
463 1422 497 1448 c.
530 1421 566 1448 1.

460 1565 518 1594 AD
542 1564 723 1594 EUMDEM
748 1566 805 1594 Ex
829 1565 952 1596 LIBRO
976 1564 1170 1595 [NCERTO.

204 1705 298 1746 Hoc
329 1704 541 1748 restiterat
566 1704 716 1760 etiam,
740 1715 790 1748 ut
819 1721 843 1748 a
873 1714 913 1748 te
942 1704 1050 1748 fictis
1077 1701 1329 1763 aggrederer
1353 1700 1490 1745 donis.

147 1782 358 1826 Priscian.
393 1785 587 1827 Gramm.
615 1782 688 1826 lib.
709 1799 813 1840 v111,
836 1782 914 1827 col.
945 1800 1046 1845 792.

206 1861 296 1918 Qui
323 1861 470 1918 habet,
495 1861 610 1905 ultro
639 1863 878 1922 appetitur,
904 1863 977 1921 qui
1001 1871 1062 1904 est
1088 1875 1267 1921 pauper,
1296 1874 1493 1918 asperna-

145 1950 228 1983 tur.
254 1940 322 1984 Id.
349 1941 440 1985 eod.
467 1941 544 1985 loc.

207 2019 362 2076 Quid?
401 2030 621 2063 oratorum
657 2036 784 2079 quem
823 2020 921 2062 huic
954 2028 1182 2079 antepones
1213 2033 1382 2073 eorum,
1424 2017 1495 2075 qui

149 2097 256 2140 nihil
280 2097 397 2141 aliud
421 2098 626 2158 egerunt?
652 2100 748 2158 quis
779 2098 996 2141 sententiis
1022 2106 1096 2140 aut
1118 2097 1283 2140 acutior
1311 2105 1386 2139 aut
1410 2110 1498 2137 cre-

147 2176 296 2219 brior?
327 2178 423 2236 quis
447 2178 586 2220 verbis
610 2187 684 2220 aut
706 2178 900 2220 ornatior
924 2186 998 2220 aut
1023 2174 1287 2236 elegantior?
1309 2177 1425 2220 Suet.
1453 2173 1496 2216 in

151 2256 262 2299 Caes.
288 2272 323 2298 c.
350 2271 416 2299 LV.

217 2337 279 2379 Ut
302 2334 469 2379 Tullius
496 2334 642 2389 docet,
675 2334 937 2378 crudelitatis
965 2334 1189 2393 increpans
1219 2334 1427 2377 Caesarem
1455 2332 1497 2373 in

150 2415 336 2476 quadam
351 2414 404 2458 ad
420 2416 632 2474 Nepotem
648 2412 836 2473 epistola.
855 2414 1005 2473 Neque
1016 2413 1127 2455 enim
1142 2410 1373 2471 quidquam
1385 2408 1500 2453 aliud

152 2505 215 2539 est
238 2494 433 2549 felicitas,
463 2494 621 2552 inquit,
645 2494 724 2535 nisi
756 2493 1032 2535 honestarum
1061 2506 1204 2533 rerum
1225 2489 1500 2549 prosperitas;

155 2572 240 2628 vel,
268 2583 314 2616 ut
338 2572 420 2615 alio
444 2571 572 2615 modo
598 2571 815 2626 definiam,
837 2571 1013 2614 felicitas
1038 2579 1097 2612 est
1126 2569 1293 2611 fortuna
1318 2567 1499 2626 adjutrix
