1859 3310
576 212 627 245 IN
656 213 795 246 VITAS
826 213 1028 247 EXCELL.
1062 215 1224 250 IMPER.
1510 221 1581 256 225

658 348 701 375 ΙΝ
737 348 944 377 CHARRIAE
978 350 1135 378 VlTAM.

262 440 343 476 CAP.
364 441 427 476 IV.
455 441 576 489 Coepit
590 442 721 476 sidere.
742 443 958 490 Subsfflere,
976 446 1115 493 mergi,
1134 446 1243 482 obrui
1269 447 1376 483 undis
1384 461 1395 493 3
1419 461 1503 484 nam
1525 450 1576 488 si.

207 501 295 536 dere
315 502 485 538 anchorae
510 503 697 547 dicuntur,
720 516 801 551 quae
827 505 944 541 fundo
964 505 1086 542 infixae
1108 508 1257 544 haerent.

258 563 383 598 Armis
403 563 568 608 abjectis.
593 565 707 609 Quod
726 567 909 612 probrum
936 562 1021 603 erat
1034 575 1069 603 et
1090 569 1248 605 dedecus
1272 569 1442 606 militare.

257 623 473 670 Interfectus
490 632 555 660 est.
575 626 792 673 Sepulcrum
807 627 883 674 ejus
900 628 1066 664 exstabat
1081 630 1256 675 Athenis,
1275 638 1379 666 extra
1399 631 1576 680 oppidum

203 685 243 721 in
264 685 475 729 Ceramico,
493 693 585 722 teste
607 688 795 723 Pausania.

253 747 311 781 De
333 746 512 790 Chabria,
535 748 625 783 vide
642 748 853 784 Diodorum
864 776 874 794 ,
892 751 1204 798 Xenophontem,
1219 753 1476 798 Plutarchum,
1492 761 1576 799 etc.‚

202 814 238 842 et
255 808 356 856 apud
377 809 622 854 recentiores,
644 811 779 845 Rollin.

634 902 683 953 1ΙΝ
717 924 943 954 ΤΙΜΟΤΗΕΙ
979 926 1138 955 VITAM.

251 1019 334 1054 CAP.
355 1020 382 1054 Ι.
402 1020 511 1054 Bello
528 1019 674 1067 subegit.
694 1021 836 1067 Nempe
859 1033 988 1056 eorum
1006 1022 1160 1057 urbibus
1174 1024 1405 1071 expugnatis.
1425 1026 1571 1061 Samum

197 1092 345 1128 quoque
377 1081 485 1128 cepit.
515 1082 634 1116 Tanta
658 1081 698 1116 in
729 1083 988 1129 expugnandis
1013 1083 1166 1119 urbibus
1197 1097 1280 1120 usus
1303 1093 1356 1120 est
1382 1085 1573 1131 felicitate,

197 1147 234 1175 ut
256 1153 339 1176 eum
357 1141 606 1177 dormientem
624 1154 667 1177 ac
687 1154 800 1177 manu
816 1150 894 1178 rete
914 1150 1101 1179 tenentem
1113 1172 1123 1189 ,
1147 1144 1185 1179 in
1205 1146 1307 1193 quod
1325 1147 1404 1194 ipsa
1423 1148 1572 1185 fortuna

194 1203 304 1240 urbes
326 1202 565 1249 conjiciebat,
587 1202 836 1252 depinxerint.

248 1264 442 1312 Superiore
467 1263 575 1299 bello.
604 1257 896 1310 Quo'Pericles‚
921 1271 1007 1313 post
1031 1278 1205 1314 magnam
1235 1269 1396 1316 cladem,
1421 1272 1568 1306 Samum

192 1332 350 1375 ceperat.

242 1389 293 1427 Id
308 1389 382 1423 ille.
402 1388 484 1424 Hoc
502 1385 648 1435 argenti
664 1387 824 1435 pondus.
845 1388 917 1424 Alii
935 1389 1055 1432 hanc,
1078 1401 1146 1437 ego
1165 1403 1254 1426 vero
1274 1391 1473 1440 legendum
1492 1405 1568 1429 esse

190 1450 260 1484 sed
281 1450 351 1484 illa
369 1449 542 1496 conjicio.

245 1511 387 1558 Cotym.
401 1512 680 1559 Paphlagonum
693 1523 829 1559 regem.
842 1511 947 1547 Alter
956 1539 965 1557 ,
984 1513 1021 1547 in
1034 1512 1223 1560 Iphicrate
1232 1540 1244 1557 ,
1261 1526 1339 1562 cap.
1355 1528 1406 1550 111
1415 1542 1425 1560 ,
1439 1516 1567 1564 Cotys,

189 1571 372 1607 Thracum
389 1585 466 1608 rex.

240 1635 276 1670 A
300 1647 372 1682 quo
396 1647 506 1682 quum
530 1635 642 1669 Laco.
665 1637 702 1669 A
721 1647 792 1682 quo
814 1633 1087 1679 Ariobarzane,
1111 1636 1214 1671 Laco
1237 1635 1437 1684 Agesilaus.

239 1695 324 1731 CAP.
344 1696 391 1731 Π.
417 1696 605 1731 Ριιίνίηαν.
630 1696 845 1730 Pulvinaria
870 1695 995 1730 lectuli
1020 1703 1124 1731 erant
1149 1696 1188 1731 in
1214 1697 1381 1746 templis,
1400 1699 1566 1747 pulvinis

186 1756 375 1801 instructi,
393 1757 458 1792 ubi
476 1758 641 1792 Deorum
665 1763 791 1792 statuae
812 1756 1012 1792 adorandae
1031 1758 1351 1806 proponebantur.
1371 1761 1561 1797 Interdum

186 1825 271 1854 ante
295 1819 449 1855 lectulos
473 1831 608 1855 mensae
633 1818 779 1853 ferculis
805 1825 944 1853 onustae
969 1819 1223 1865 struebantur,
1243 1821 1347 1867 quasi
1371 1821 1424 1857 dii
1443 1829 1563 1858 essent

185 1879 408 1925 accubituri,
426 1880 539 1928 idque
552 1878 819 1915 lectisternium
838 1880 1052 1915 vocabatur.
1066 1881 1175 1916 Hunc
1188 1883 1400 1917 Graecorum
1418 1896 1559 1920 morem

185 1948 408 1989 usurparunt
425 1941 599 1978 Romani.

235 2002 393 2048 Insoro.
417 2003 543 2038 Veteri
564 2003 712 2038 seilicet.
740 2002 962 2047 Pausanias,
987 2003 1024 2037 in
1055 2003 1201 2047 Atticis,
1228 2015 1347 2051 prope
1377 2006 1560 2052 porticum

184 2066 196 2112 (
209 2077 288 2112 quae
310 2065 411 2113 regia
430 2064 527 2100 dicta
547 2063 647 2115 erat)
668 2064 808 2100 stetisse
823 2065 1017 2099 Cononem
1035 2071 1071 2099 et
1089 2064 1326 2101 Timotheum
1347 2066 1425 2113 ejus
1443 2066 1559 2104 filium

182 2126 304 2161 tradit.
321 2126 427 2161 Idem
449 2133 484 2162 et
501 2125 541 2161 in
562 2138 625 2163 ara
646 2125 827 2172 Cecropia
849 2132 1041 2172 utramque
1063 2132 1219 2161 statuam
1239 2126 1399 2173 positam
1418 2129 1557 2165 scribit.

188 2187 279 2222 Vide
297 2187 510 2222 Meursium.
531 2188 674 2222 Bosms.

234 2248 318 2283 Car.
345 2248 415 2282 ΙΙΙ.
441 2247 555 2282 Pater
570 2254 606 2281 et
622 2258 735 2282 socer.
762 2246 964 2293 Iphicrates
984 2246 1123 2282 scilicet
1146 2253 1181 2282 et
1200 2247 1427 2284 Timotheus.

234 2310 288 2345 At
315 2309 388 2344 ille.
409 2309 544 2344 Chares
567 2308 714 2343 scilicet.
739 2307 927 2343 Diodorus
946 2308 1061 2351 enini,
1084 2320 1171 2351 xw,
1198 2320 1240 2342 21
1254 2335 1263 2352 ‚
1284 2309 1360 2344 hzec
1387 2311 1512 2346 omnia
1536 2325 1554 2348 a

180 2372 336 2407 Charete
353 2370 447 2406 facta
470 2370 607 2405 scribit.

233 2433 315 2468 Cin».
334 2434 396 2467 lv.
419 2434 694 2481 Imperatorum
718 2429 1006 2465 Atheniensium.
1030 2430 1074 2466 Id
1102 2437 1174 2474 est,
1200 2430 1239 2464 hi
1266 2430 1414 2467 fuorunt
1438 2435 1552 2470 Athe-

182 2494 367 2530 niensium
387 2493 544 2528 extremi
562 2493 814 2540 imperatores.
835 2492 985 2527 Exstitit
1003 2499 1127 2527 tamen
1152 2498 1279 2538 postea
1298 2493 1476 2529 Phocion.

230 2556 287 2590 De
311 2555 530 2594 Timotheo,
557 2554 644 2589 vide
668 2553 901 2596 Diodorum,
931 2553 1190 2597 Plutarchum,
1216 2558 1307 2597 etc.;
1334 2555 1436 2601 apud
1466 2568 1551 2600 nos,

181 2617 303 2651 Rollin
311 2643 322 2659 ,
347 2623 413 2651 etc.

1303 2674 1355 2719 15
