1859 3310
689 233 969 268 MILTIADES.
1495 249 1518 282 9

215 319 335 360 VIII.
362 319 443 361 Hic
464 319 542 361 etsi
564 318 744 360 crimine
768 319 895 360 Pario
917 326 982 359 est
1005 326 1251 373 accusatus,
1269 327 1414 360 tamen
1437 318 1519 361 alia

153 397 233 439 suit
268 412 396 440 causa
433 396 734 440 damnationis.
772 398 973 456 Namque
997 396 1304 452 Athenienses,
1341 405 1520 455 propter

152 476 363 519 Pisistrati
385 475 679 535 tyrannidem,
697 491 792 534 quae
814 475 963 534 paucis
983 476 1108 518 annis
1124 485 1224 519 ante
1246 475 1405 530 fuerat,
1426 491 1519 518 om-

155 555 274 597 nium
302 570 481 597 suorum
508 554 668 597 civium
699 555 941 614 potentiam
971 554 1324 598 extimescebant.
1358 554 1521 598 Miltia-

151 632 242 687 des,
263 632 451 676 1nultum
474 634 517 676 in
541 633 733 693 imperiis
755 635 1168 695 magistratibusque
1192 644 1407 691 versatus,
1430 651 1518 678 non

149 712 378 756 videbatur
399 729 524 773 posse
549 729 639 757 esse
668 714 863 774 privatus
888 731 897 757 :
921 714 1161 774 praesertim
1179 730 1315 774 quum
1339 730 1518 757 consue-

150 791 301 835 tudine
315 792 369 835 ad
385 793 556 852 imperii
574 792 858 852 cupiditatem
871 793 985 836 trahi
1005 793 1240 836 videretur.
1252 793 1365 836 Nam
1383 793 1519 837 Cher-

149 872 290 915 sonesi
329 888 479 915 omnes
521 871 638 928 illos,
671 889 779 932 quos
815 872 1051 929 habitarat,
1090 889 1225 916 annos
1265 883 1517 933 perpetuam

150 951 398 994 obtinuerat
418 951 781 1007 dominationem,
799 961 1094 1012 tyrannusque
1110 951 1249 994 fuerat
1263 951 1518 1012 appellatus,

150 1030 224 1074 sed
242 1031 398 1090 justus.
424 1032 526 1075 Non
545 1040 636 1074 erat
655 1033 770 1074 enim
790 1032 832 1073 vi
852 1041 1128 1087 consecutus,
1154 1030 1229 1074 sed
1247 1047 1425 1074 suorum
1444 1048 1517 1075 vo-

150 1109 341 1165 luntate3
366 1126 548 1169 eamque
571 1119 831 1170 potestatem
853 1110 1047 1153 bonitate
1073 1111 1327 1153 retinuerat.
1355 1112 1520 1154 Omnes

148 1199 293 1235 autem
327 1200 371 1233 et
404 1190 622 1233 habentur
653 1199 695 1233 et
725 1189 932 1233 dicuntur
966 1191 1159 1250 tyranni,
1197 1191 1270 1251 qui
1306 1200 1520 1250 potestate

149 1280 250 1313 sunt
276 1279 484 1330 perpetua
512 1269 556 1312 in
585 1286 635 1313 ea
661 1270 854 1325 civitate,
884 1286 979 1329 quae
1012 1268 1211 1312 libertate
1235 1286 1310 1313 usa
1334 1280 1410 1313 est.
1436 1269 1520 1314 Sed

149 1351 193 1393 in
213 1348 411 1394 Miltiade
438 1358 532 1392 erat
551 1365 686 1408 quum
712 1365 879 1392 summa
901 1349 1172 1404 humanitas,
1198 1359 1291 1392 tum
1316 1351 1426 1392 mira
1448 1366 1520 1392 co-

149 1429 296 1483 mitas3
321 1438 369 1471 ut
393 1445 522 1471 nemo
554 1438 644 1471 tam
666 1426 843 1471 humilis
866 1438 995 1484 esset,
1025 1429 1095 1471 cui
1124 1445 1211 1471 non
1234 1428 1289 1471 ad
1314 1445 1412 1471 eum
1433 1428 1522 1471 adi-

151 1518 218 1551 tus
241 1517 408 1568 pateret
432 1524 441 1550 z
462 1523 618 1567 magna
642 1508 875 1550 auctoritas
899 1506 1015 1568 apud
1035 1524 1185 1550 omnes
1211 1508 1520 1563 civitates,no-

149 1587 234 1632 bile
272 1603 451 1641 nomen,
489 1585 581 1630 laus
614 1587 676 1629 rei
716 1586 914 1630 militaris
957 1587 1159 1630 maxima.
1192 1589 1294 1629 Haec
1334 1587 1521 1647 populus

149 1666 403 1726 respiciens,
428 1663 581 1708 maluit
606 1681 705 1708 eum
729 1666 955 1709 innoxium
976 1665 1126 1726 plecti,
1151 1682 1282 1726 quam
1297 1683 1340 1709 se
1358 1666 1522 1711 diutius

148 1762 238 1790 esse
260 1746 305 1788 in
327 1745 496 1788 timore.
