1859 3310
571 226 687 260 VITA
718 225 779 258 ET
809 224 1012 258 SCRIPTA
1469 239 1490 261 v

120 309 280 353 indicat
304 326 354 353 eo
382 326 499 353 nunc
527 308 579 351 de
605 310 773 351 Catone
798 307 970 350 brevius
994 323 1036 349 se
1061 323 1186 366 agere
1202 342 1211 360 ,
1239 309 1340 366 quia
1368 324 1489 367 sepa-

118 399 245 441 ratim
268 398 320 440 de
343 397 494 440 eodem
520 396 750 456 scripserit.
778 398 893 456 Ergo
919 396 1005 438 vita
1035 394 1106 439 illa
1133 396 1333 450 Catonis,
1359 413 1488 456 quam

119 487 266 547 paucis
282 486 555 546 perstrictam
578 485 785 529 habemus
799 519 810 541 ,
831 485 1007 545 majoris
1029 503 1129 547 pars
1155 496 1217 530 est
1238 485 1491 541 voluminis,

118 575 159 617 in
188 589 275 632 quo
298 575 601 617 Romanorum
629 572 918 633 complurium
944 574 1042 617 vitae
1068 575 1409 619 continerentur.

178 660 370 721 Reliquit
385 662 515 705 etiam
534 661 843 723 Exemplorum
862 662 1013 718 libros,
1031 679 1139 722 quos
1156 664 1291 708 citant
1306 662 1492 722 Gellius,

116 749 186 793 lib.
215 765 301 806 v11,
331 766 424 812 cap.
459 750 532 807 18,
557 760 600 794 et
633 752 876 807 Charisius,
902 751 973 795 lib.
997 769 1026 796 1.
1049 752 1143 797 Alia
1167 769 1342 813 quoque
1373 753 1490 812 ejus-

114 839 210 883 dem
226 838 406 884 laudant
420 850 604 896 veteres3
623 840 697 884 sed
712 857 800 884 non
822 842 943 898 item,
964 857 1059 901 quae
1081 841 1135 884 ad
1149 842 1374 885 historiam
1394 857 1491 902 per-

113 929 291 972 tineant.
312 930 424 973 Nam
442 946 492 973 ex
512 928 694 990 epistola
712 930 804 989 ejus
821 928 876 972 ad
895 931 1148 974 Ciceronem
1168 929 1365 989 quaedam
1385 932 1493 974 Lac-

114 1018 275 1060 tantius
315 1017 460 1073 affert,
491 1016 563 1061 lib.
598 1034 670 1073 111,
702 1021 896 1061 Instimt.
924 1017 1077 1072 divin„
1105 1034 1197 1078 cap.
1232 1015 1298 1062 15.
1326 1019 1491 1075 Quem-

113 1105 346 1149 admodum
389 1116 431 1149 et
469 1107 689 1150 Ciceronis
724 1106 778 1149 ad
816 1107 1030 1167 Nepotem
1071 1104 1262 1167 epistolae
1296 1106 1494 1149 meminit

112 1195 346 1238 Suetonius
381 1195 426 1238 in
461 1193 596 1251 Julio,
638 1211 732 1255 cap.
767 1191 848 1250 553
887 1195 1143 1237 Ammianus
1188 1193 1491 1251 Marcellinus,

112 1282 236 1326 initio
261 1280 362 1326 libri
387 1299 515 1338 xxv13
542 1299 591 1326 ac
618 1284 887 1339 Priscianus,
914 1281 987 1326 lib.
1020 1298 1118 1326 vm.
1149 1284 1244 1326 Imo
1267 1293 1310 1326 et
1340 1300 1492 1327 secun-

111 1370 214 1414 dum
229 1372 451 1416 Ciceronis
467 1370 749 1433 epistolarum
766 1370 928 1414 librum
943 1371 997 1414 ad
1013 1373 1228 1433 Nepotem
1239 1372 1492 1416 Macrobius

69 1499 73 1501 ,
111 1459 238 1516 citat,
265 1458 337 1503 lib.
374 1475 408 1504 11
443 1460 695 1515 Saturnal.,
723 1476 816 1521 cap.
851 1477 879 1504 1.
908 1459 1043 1517 Quod
1066 1460 1101 1503 si
1127 1461 1223 1520 quis
1251 1460 1494 1522 fragmenta

111 1549 257 1592 omnia
288 1550 471 1610 Nepotis
503 1548 735 1605 desideret,
769 1547 898 1610 longe
930 1549 980 1592 iis
1015 1547 1265 1609 colligendis
1294 1550 1493 1610 priorum

111 1639 212 1681 vicit
238 1638 498 1682 industriam
517 1638 712 1684 Andreas
741 1639 962 1683 Schottus.

173 1725 430 1770 Hermolaus
447 1727 690 1784 Barbarus,
709 1727 1080 1788 Castigationibus
1103 1728 1148 1771 in
1168 1726 1296 1771 Plinii
1315 1726 1388 1770 lib.
1409 1743 1491 1783 xv,

110 1831 203 1876 cap.
216 1818 297 1871 24,
310 1826 475 1872 censet,
492 1814 687 1860 libellum
705 1818 774 1860 De
794 1816 918 1861 Viris
932 1815 1173 1860 illustribus
1190 1816 1448 1877 (incipiente
1466 1833 1491 1859 a

109 1904 263 1959 Proca,
282 1920 381 1964 rege
400 1903 709 1964 Albanorum),
737 1905 811 1964 qui
830 1902 973 1948 Plinio
996 1904 1131 1947 tribui
1154 1902 1281 1960 solet,
1299 1902 1493 1948 Cornelii

110 1993 294 2053 Nepotis
321 2009 433 2049 esse,
466 1993 586 2037 haud
612 1992 762 2049 Plinii;
800 2003 929 2053 atque
954 1993 998 2036 id
1024 1993 1242 2036 veteribus
1269 1992 1491 2036 codicibus

108 2079 275 2124 adstrui
298 2097 424 2142 posse
446 2091 674 2125 asseverat.
698 2082 840 2126 Etiam
860 2082 957 2126 Jani
977 2081 1196 2125 Parrhasii
1215 2081 1307 2125 haec
1327 2090 1492 2125 senten-

108 2168 168 2211 tia
186 2167 280 2212 fuit.
300 2169 453 2213 Utrius
473 2170 546 2226 sit,
578 2169 768 2213 dubitari
788 2171 847 2213 ait
864 2170 1070 2225 Vinetus,
1097 2186 1176 2213 nec
1195 2186 1246 2213 ea
1264 2169 1318 2213 de
1336 2186 1383 2213 re
1405 2179 1489 2213 sta-

108 2266 230 2301 tuere
245 2257 483 2317 quidquam
497 2274 628 2302 ausus
642 2268 718 2302 est.
733 2260 829 2302 Imo
844 2257 998 2318 aliqui,
1022 2269 1099 2302 aut
1117 2259 1395 2315 Suetonium,
1416 2269 1491 2302 aut

108 2346 328 2402 Tacitum,
358 2362 448 2390 esse
474 2356 694 2390 auctorem
720 2357 952 2407 putarunt,
986 2357 1035 2390 ut
1061 2347 1223 2390 indicat
1250 2345 1488 2407 Gyraldus,

109 2432 363 2495 dialogismo
380 2451 513 2491 xxw3
533 2435 607 2479 sed
625 2437 804 2479 omnino
830 2446 931 2480 sunt
956 2437 1073 2480 Sexti
1094 2435 1259 2480 Aurelii
1280 2437 1488 2492 Victoris,

110 2532 158 2565 ut
184 2524 285 2566 satis
312 2540 429 2567 nunc
462 2534 632 2568 constat
661 2541 709 2567 ex
747 2524 934 2568 editione.
967 2524 1149 2569 Andreae
1179 2525 1358 2568 Schotti.
1387 2525 1487 2569 Non

111 2608 264 2653 dubito
290 2610 461 2654 interim
482 2612 588 2671 quin
615 2610 821 2672 pleraque
841 2630 890 2656 ex
917 2614 1088 2674 Nepote
1112 2615 1264 2657 Victor
1282 2612 1486 2673 desump-
