1859 3310
347 181 393 222 64
800 182 1028 218 CORNELII
1058 181 1264 217 NEPOTIS

347 284 417 310 eas
441 277 589 328 gentes
626 284 719 328 quae
753 283 871 310 mare
895 265 1003 308 illud
1025 265 1236 322 adjacent.
1261 264 1362 320 Quo
1384 265 1498 307 facto
1522 263 1719 308 Lacedae·

348 348 481 390 monii
512 346 564 389 de
589 346 759 389 diutina
783 345 1064 389 contentione
1088 342 1374 399 destiterunt,
1402 352 1445 386 et
1467 359 1544 386 sua
1566 352 1722 403 sponte

348 425 682 470 Atheniensibus
716 424 887 483 imperii
928 422 1133 465 maritimi
1172 422 1467 483 principatum
1501 439 1723 466 concesse—

351 515 472 559 runt3
489 519 725 565 pacemque
745 502 811 545 his
829 500 994 562 legibus
1014 503 1355 552 constituerunt,
1373 511 1423 545 ut
1439 501 1724 546 Athenienses

352 585 459 627 mari
487 583 615 626 duces
646 590 800 625 essent.
834 581 944 637 Quae
975 581 1154 624 victoria
1181 590 1310 624 tantae
1337 581 1419 625 fuit
1450 582 1589 625 atticis
1619 580 1725 624 laeti-

352 664 442 718 tiae,
470 672 518 705 ut
545 672 636 705 tum
659 662 851 721 primum
878 677 962 704 arae
990 660 1090 704 Paci
1117 660 1287 721 publice
1319 662 1405 704 sint
1431 660 1573 716 factae,
1601 660 1726 720 eique

351 742 438 785 deae
468 739 669 801 pulvinar
703 741 757 784 sit
797 741 1058 783 institutum.
1095 741 1229 800 Cujus
1261 739 1400 783 laudis
1433 749 1481 783 ut
1513 740 1727 783 memoria

352 830 568 876 maneret,
592 820 824 863 Timotheo
853 818 1028 879 publice
1052 828 1239 862 statuam
1268 820 1312 861 in
1338 818 1431 862 foro
1460 828 1725 879 posuerunt:

351 900 426 959 qui
454 899 595 942 honos
625 899 728 941 huic
758 899 834 941 uni
866 908 967 941 ante
993 898 1036 940 id
1065 908 1234 958 tempus
1262 899 1469 958 contigit,
1498 907 1567 953 ut,
1593 915 1729 958 quum

353 980 464 1039 patri
492 977 677 1039 populus
704 987 891 1021 statuam
917 977 1151 1037 posuisset,
1175 976 1263 1020 filio
1294 993 1467 1036 quoque
1499 977 1635 1021 daret.
1661 979 1730 1022 Sic

349 1060 473 1119 juxta
496 1059 636 1119 posita
657 1074 804 1102 recens
828 1056 928 1114 filii,
952 1066 1143 1100 veterem
1168 1057 1301 1117 patris
1325 1057 1550 1100 renovavit
1573 1074 1733 1102 memo-

354 1141 478 1182 riam.

419 1220 496 1262 ΙΙΙ.
532 1219 613 1262 Hie
640 1235 774 1278 quum
807 1227 915 1261 esset
941 1233 1100 1278 magno
1127 1226 1253 1272 natu,
1281 1226 1324 1260 et
1352 1218 1626 1278 magistratus
1659 1234 1732 1278 ge-

357 1315 450 1342 rere
495 1298 697 1354 desisset,
738 1297 853 1341 bello
893 1298 1176 1342 Athenienses
1216 1296 1410 1356 undique
1454 1298 1593 1358 premi
1632 1307 1731 1341 sunt

359 1378 502 1438 coepti.
538 1377 764 1422 Defecerat
799 1379 985 1421 Samus:
1020 1377 1231 1420 descierat
1264 1375 1599 1436 Hellespontus:
1631 1376 1735 1421 Phi-

356 1456 501 1518 lippus
529 1458 619 1518 jam
655 1467 747 1501 tum
776 1455 925 1501 valens
954 1456 1137 1500 Macedo
1171 1455 1311 1500 multa
1343 1455 1631 1511 moliebatur3
1666 1456 1736 1499 cui

359 1538 584 1598 oppositus
612 1538 773 1581 Chares
805 1554 940 1597 quum
971 1545 1102 1591 esset,
1132 1553 1220 1579 non
1256 1536 1357 1579 satis
1393 1536 1438 1578 in
1470 1551 1520 1578 eo
1551 1534 1733 1596 praesidii

359 1618 608 1678 putabatur.
627 1618 695 1661 Fit
712 1617 993 1661 Menestheus
1013 1626 1185 1677 praetor,
1205 1614 1319 1659 filius
1335 1615 1588 1675 Iphicratis,
1607 1631 1738 1675 gener

358 1698 599 1752 Timothei,
636 1707 699 1753 et,
740 1707 788 1740 ut
825 1697 879 1740 ad
918 1696 1081 1741 bellum
1116 1696 1436 1757 proficiscatur,
1476 1695 1735 1738 decernitur.

358 1781 471 1822 Huic
499 1778 544 1820 in
570 1776 798 1820 consilium
820 1776 980 1820 dantur
1009 1776 1095 1819 duo
1117 1792 1197 1819 usu
1220 1784 1262 1818 et
1293 1775 1504 1835 sapientia
1533 1784 1739 1834 praestan-

362 1867 450 1912 tes,
473 1873 662 1916 quorum
691 1855 872 1900 consilio
902 1865 1119 1910 uteretur,
1146 1864 1269 1915 pater
1299 1863 1341 1897 et
1370 1870 1514 1897 socer:
1547 1853 1664 1913 quod
1694 1855 1738 1897 iu

358 1935 425 1979 his
449 1945 570 1979 tanta
601 1946 694 1979 erat
724 1936 987 1991 auctoritas,
1015 1944 1062 1978 ut
1088 1951 1247 1996 magna
1279 1950 1375 1995 spes
1398 1943 1531 1988 esset,
1560 1950 1637 1994 per
1669 1949 1739 1977 eos

362 2016 516 2059 amissa
547 2033 674 2077 posse
706 2017 966 2076 recuperari.
1000 2016 1055 2058 Hi
1084 2032 1220 2075 quum
1252 2016 1430 2058 Samum
1462 2013 1644 2074 profecti
1675 2030 1745 2057 es·-

363 2105 477 2151 sent,
512 2106 555 2139 et
589 2095 741 2139 eodem
777 2096 964 2150 Chares,
1001 2094 1191 2138 adventu
1222 2110 1373 2137 eorum
1408 2094 1604 2154 cognito,
1639 2109 1740 2137 cum

361 2176 448 2219 suis
482 2176 616 2235 copiis
654 2174 1019 2235 proficisceretur,
1055 2191 1109 2217 ne
1142 2173 1248 2234 quid
1282 2173 1459 2216 absente
1494 2190 1538 2216 se
1572 2182 1740 2234 gestum

361 2255 605 2309 videretur;
629 2254 812 2310 accidit,
833 2271 968 2314 quum
991 2253 1045 2298 ad
1066 2253 1251 2297 insulam
1276 2253 1670 2314 appropinquaret,
1693 2263 1741 2296 ut

363 2352 521 2396 magna
560 2345 792 2395 tempestas
827 2335 1030 2379 oriretur.
1067 2335 1214 2391 Quam
1249 2334 1410 2377 evitare
1445 2332 1538 2377 ‘duo
1574 2342 1741 2376 veteres

365 2418 650 2476 imperatores
674 2414 778 2458 utile
802 2415 1020 2469 arbitrati,
1044 2431 1166 2458 suam
1191 2412 1369 2457 classem
1393 2422 1738 2473 suppresserunt.

364 2499 418 2539 At
439 2495 529 2550 ille,
552 2495 780 2539 temeraria
804 2511 906 2539 usus
931 2495 1118 2550 ratione,
1137 2510 1226 2537 non
1250 2494 1376 2537 cessit
1395 2493 1610 2552 majorum
1635 2501 1739 2535 natu

366 2576 632 2629 auctoritati,
656 2584 717 2631 et,
741 2585 786 2618 ut
811 2576 855 2617 in
881 2591 955 2618 sua
982 2575 1079 2618 navi
1103 2583 1211 2617 esset
1235 2572 1430 2627 fortuna,
1452 2587 1539 2632 quo
1561 2580 1740 2615 conten-
