1859 3310
509 219 739 254 CORNELII
770 219 974 253 NEPOTIS
1007 218 1145 253 CATO.
1441 230 1451 250 ι
1464 219 1482 249 '5
1494 231 1505 251 1

141 321 257 360 mus,
279 320 407 364 quam
430 301 660 364 quemlibet
682 300 993 362 amplissimum
1015 301 1331 344 Sardiniensem
1359 301 1511 342 trium-

141 386 289 443 pllum.

203 466 257 507 ΙΙ.
294 461 580 508 Consulatum
615 462 744 522 gessit
773 477 872 504 cum
904 463 952 504 L.
981 459 1155 505 Valerio
1192 458 1363 514 Flacco,
1399 469 1514 502 sorte

139 543 404 603 provinciam
424 550 577 584 nactus
594 541 847 602 Hispaniam
865 541 1128 596 citeriorem,
1146 555 1285 600 exque
1301 555 1350 582 ea
1366 539 1516 582 trium-

139 623 273 682 phum
300 622 558 682 deportavit.
587 621 654 664 Ibi
679 638 815 681 quum
837 621 1000 664 diutius
1022 630 1280 676 moraretur,
1301 621 1348 663 P.
1371 619 1515 680 Scipio

136 701 363 745 Africanus
383 701 534 744 consul
553 702 711 744 iterum
725 735 736 757 ,
755 701 878 760 cujus
899 701 943 743 in
964 702 1108 761 priore
1134 697 1362 743 consulatu
1381 715 1517 759 quaes-

136 793 206 824 tor
231 780 393 838 fuerat,
423 780 561 825 voluit
585 797 684 824 eum
710 780 762 824 de
788 781 1013 842 provincia
1040 778 1276 841 depellere,
1303 788 1344 822 et
1370 780 1460 839 ipse
1480 780 1517 821 ei

137 861 378 905 succedere.
399 863 551 922 Neque
570 861 653 905 hoc
678 878 755 922 per
781 871 978 904 senatum
999 860 1167 903 efficere
1186 860 1354 920 potuit,
1381 875 1517 918 quum

137 941 314 1000 quidem
341 942 486 1002 Scipio
520 943 563 985 in
596 943 768 986 civitate
799 942 1093 1002 principatum
1120 941 1335 983 obtineret
1361 957 1369 982 :
1399 939 1517 999 quod

138 1034 231 1064 tum
258 1038 346 1065 non
373 1023 589 1082 potentia,
616 1022 689 1065 sed
703 1022 824 1081 jure,
850 1020 1094 1082 respublica
1118 1020 1518 1063 administrabatur.

137 1102 238 1158 Qua
253 1118 304 1145 ex
329 1118 374 1144 re
394 1103 530 1145 iratus
556 1102 747 1157 senatui,
774 1100 1003 1145 consulatu
1031 1110 1226 1161 peracto,
1253 1101 1449 1161 privatus
1476 1101 1518 1142 in

142 1179 245 1226 urbe
272 1182 441 1224 mansit.
468 1184 525 1226 At
544 1184 678 1238 Cato,
699 1198 852 1224 censor
878 1198 977 1224 cum
1003 1180 1154 1224 eodem
1176 1179 1330 1225 Flacco
1356 1179 1519 1235 factus,

137 1276 281 1304 severe
306 1260 478 1322 praefuit
502 1263 540 1304 ei
563 1263 779 1322 potestati.
809 1262 919 1306 Nam
943 1272 984 1304 et
1010 1262 1054 1317 in
1082 1260 1328 1321 complures
1354 1259 1519 1304 nobiles

137 1341 464 1398 animadvertit,
496 1352 539 1385 et
572 1341 730 1385 multas
757 1358 823 1385 res
859 1358 993 1385 novas
1030 1342 1073 1384 in
1106 1341 1296 1384 edictum
1329 1340 1520 1396 addidit,

138 1437 224 1480 qua
252 1437 298 1464 re
330 1420 502 1465 luxuria
534 1423 868 1483 reprimeretur,
906 1438 1001 1482 quae
1032 1422 1121 1481 jam
1160 1431 1253 1464 tum
1289 1421 1522 1482 incipiebat

138 1499 365 1560 pullulare.
400 1502 584 1546 Circiter
615 1519 751 1546 annos
787 1503 1011 1563 octoginta
1037 1519 1175 1562 usque
1207 1502 1260 1545 ad
1285 1511 1521 1545 extremam

137 1591 304 1623 aetatem
329 1582 382 1624 ab
410 1576 720 1638 adolescentia,
753 1581 1001 1643 reipublicae
1032 1598 1162 1625 causa
1193 1582 1410 1642 suscipere
1440 1582 1522 1624 ini-

137 1660 318 1703 micitias
337 1677 425 1704 non
444 1661 618 1704 destitit.
639 1666 676 1706 Α
696 1661 842 1705 multis
860 1672 1072 1717 tentatus,
1091 1679 1180 1705 non
1200 1661 1332 1705 modo
1350 1660 1520 1705 nullum

137 1739 445 1784 detrimentum
465 1743 794 1785 existimationis
818 1743 937 1797 fecit,
959 1742 1052 1798 sed,
1072 1742 1216 1802 quoad
1237 1743 1362 1797 vixit,
1384 1743 1521 1796 virtu-

138 1830 231 1863 tum
256 1819 383 1864 laude
410 1824 556 1865 crevit.

201 1903 278 1945 III.
315 1904 366 1944 In
394 1903 596 1947 omnibus
623 1904 752 1947 rebus
779 1903 989 1964 singulari
1018 1903 1100 1947 fuit
1128 1903 1360 1964 prudentia
1386 1913 1428 1946 et
1459 1904 1523 1946 in—

136 1981 315 2025 dustria.
346 1984 459 2027 Nam
484 1993 526 2026 et
551 1983 741 2044 agricola
767 1983 919 2039 solers,
946 1994 987 2026 et
1005 1983 1254 2044 reipublicae
1274 1985 1461 2044 peritus,
1482 1993 1524 2026 et

136 2059 491 2119 jurisconsultus,
509 2074 551 2107 et
567 2081 752 2125 magnus
774 2065 1025 2125 imperator,
1044 2074 1086 2107 et
1104 2063 1342 2125 probabilis
1360 2074 1522 2120 orator,

137 2152 178 2184 et
198 2143 503 2203 cupidissimus
529 2143 771 2187 litterarum
798 2144 890 2187 fuit.
916 2145 1118 2201 Quarum
1143 2144 1336 2188 studium
1363 2146 1442 2187 etsi
1462 2161 1524 2187 se-

143 2221 235 2265 nior
261 2224 526 2284 arripuerat,
554 2235 696 2267 tamen
734 2234 905 2267 tantum
936 2226 978 2267 in
1009 2226 1068 2268 eis
1094 2241 1374 2285 progressum
1402 2224 1522 2279 fecit,

138 2311 186 2344 ut
213 2320 300 2346 uon
321 2302 444 2347 facile
470 2305 658 2364 reperire
684 2305 840 2364 possis,
861 2320 1002 2363 neque
1025 2304 1076 2347 de
1102 2305 1276 2365 graecis,
1304 2321 1446 2364 neque
1471 2304 1524 2347 de

139 2381 289 2426 italicis
313 2383 462 2438 rebus,
487 2383 605 2442 quod
625 2385 663 2426 ei
688 2383 819 2426 fuerit
840 2385 1125 2444 incognitum.
1150 2384 1214 2429 Ab
1235 2383 1523 2428 adolescentia

139 2461 321 2505 confecit
341 2464 571 2506 orationes.
596 2465 732 2507 Senex
756 2464 942 2506 scribere
964 2465 1164 2507 historias
1190 2465 1399 2521 instituit,
1417 2481 1523 2524 qua-

138 2558 236 2585 rum
271 2554 373 2586 sunt
404 2542 504 2586 libri
539 2553 715 2604 septem.
751 2545 922 2587 Primus
957 2546 1151 2587 continet
1180 2562 1246 2587 res
1283 2554 1422 2605 gestas
1456 2562 1521 2587 re-

140 2638 241 2682 gum
270 2622 419 2683 populi
448 2626 616 2667 romani
643 2642 651 2666 :
684 2624 900 2667 secundus
927 2634 968 2667 et
996 2625 1168 2677 tertius,
1196 2625 1311 2667 unde
1340 2616 1521 2685 quaeque

1285 2722 1325 2765 O.
