1859 3310
380 199 392 221 1
401 185 449 221 60
818 189 1045 224 CORNELII
1075 188 1279 223 NEPOTIS

375 287 462 314 non
481 270 666 331 amplius
684 272 885 315 interesse
909 272 1208 325 tradiderunt3
1234 270 1462 315 Cornelius
1483 274 1630 333 Nepos
1651 290 1729 319 CCL

376 349 520 393 millia.
545 352 659 395 le.
683 366 749 404 v1‚
777 367 792 394 1
810 368 844 395 1.

438 429 635 489 Polybius
669 432 710 472 in
745 438 935 473 extrema
962 431 1226 473 Mauritania
1258 440 1407 474 contra
1432 441 1623 475 montem
1651 435 1730 477 At-

375 508 533 552 lantem
561 526 585 552 a
612 519 725 552 terra
751 508 886 552 stadia
915 518 1014 551 octo
1042 510 1186 553 abesse
1211 510 1403 570 prodidit
1428 513 1611 555 Cernen.
1640 513 1729 557 Ne-

376 604 452 647 pos
487 584 712 631 Cornelius
747 603 798 630 ex
831 587 1009 631 adverso
1044 588 1230 631 maxime
1267 589 1541 650 Carthaginis
1575 607 1599 634 a
1625 608 1728 634 eon-

375 667 537 709 tinente
571 683 720 726 passus
751 665 889 720 mille;
926 683 1014 709 non
1050 664 1306 726 ampliorem
1339 669 1521 712 circuitu
1560 670 1728 714 duobus

373 743 573 788 millibus.
604 745 787 798 Plinius,
804 761 869 800 vl,
901 743 972 789 31.

436 824 581 883 Nepos
613 823 862 879 Cornelius,
894 825 967 884 qui
995 824 1082 867 divi
1111 825 1295 885 Augusti
1321 826 1569 886 principatu
1597 828 1727 884 obiit,

373 920 460 957 me,
482 904 640 963 inquit,
659 905 818 964 juvene
838 904 1027 948 violacea
1048 921 1242 964 purpura
1264 905 1452 965 vigebat,
1476 907 1599 966 cujus
1621 906 1729 952 libra

373 982 558 1027 denariis
586 993 759 1027 centum
790 985 982 1039 venibat3
1010 1000 1088 1027 nee
1114 982 1253 1027 multo
1282 994 1380 1044 post
1407 985 1539 1029 rubra
1568 989 1728 1031 Taren-

374 1063 476 1106 tina.
503 1064 614 1108 Huic
640 1065 845 1107 suecessit
869 1063 1056 1123 dibapha
1079 1064 1229 1122 Tyria,
1258 1080 1351 1123 quae
1375 1064 1418 1106 in
1446 1063 1577 1108 libras
1601 1065 1731 1110 dena-

372 1143 447 1185 riis
481 1142 600 1186 mille
624 1161 711 1186 non
744 1153 910 1203 poterat
934 1144 1030 1186 emi.
1067 1145 1160 1186 Hac
1195 1145 1241 1186 P.
1269 1142 1481 1187 Lentulus
1509 1145 1730 1205 Spinther,

372 1222 504 1266 aedilis
530 1223 712 1280 curulis,
741 1224 904 1283 primus
930 1224 972 1266 in
1001 1232 1206 1282 praetexta
1234 1239 1337 1266 usus
1365 1224 1692 1283 improbabatur
1715 1247 1727 1268 ·.

372 1318 456 1361 qua
486 1318 680 1362 purpura
716 1303 811 1362 quis
845 1319 932 1345 non
963 1303 1074 1361 jam,
1110 1302 1269 1361 inquit,
1306 1300 1560 1346 tricliniaria
1595 1303 1730 1347 facit?

373 1382 486 1426 Plz'n.
515 1398 579 1438 lx,
610 1399 660 1443 ¹7
685 1392 728 1427 et
752 1381 824 1444 39.

433 1463 657 1523 Onyehem
677 1464 806 1506 etiam
829 1473 920 1506 tum
939 1463 983 1505 in
1005 1461 1174 1506 Arabiae
1190 1462 1432 1517 montibus,
1450 1478 1528 1506 nec
1546 1478 1728 1522 usquam

370 1540 522 1595 aliubi,
544 1542 658 1585 nasci
678 1551 882 1602 putavere
907 1542 1042 1585 nostri
1062 1551 1247 1598 veteres3
1271 1540 1455 1585 Sudines
1476 1542 1520 1584 in
1546 1544 1730 1587 Germa-

370 1621 459 1674 nia,
483 1622 662 1681 potoriis
681 1622 792 1665 vasis
817 1621 916 1665 inde
941 1621 1062 1664 factis
1086 1621 1294 1681 primum,
1319 1620 1417 1663 dein
1442 1620 1622 1680 pedibus
1644 1620 1729 1664 lee-

371 1709 512 1744 torum
550 1700 762 1761 sellisque.
800 1700 1024 1745 Cornelius
1053 1701 1200 1760 Nepos
1233 1699 1382 1755 tradit,
1414 1716 1572 1760 magno
1602 1700 1729 1744 fuisse

369 1779 597 1836 miraculo,
627 1797 761 1839 quum
786 1782 832 1824 P.
862 1778 1075 1823 Lentulus
1110 1779 1313 1839 Spinther
1343 1780 1572 1839 amphoras
1599 1796 1650 1822 ex
1678 1796 1728 1823 eo

369 1868 412 1902 et
438 1875 586 1903 urceos
617 1859 915 1920 magnitudine
942 1858 1150 1902 cadorum
1177 1858 1450 1914 ostendisset3
1478 1868 1576 1918 post
1603 1859 1728 1918 quin-

369 1939 603 1997 quennium
643 1938 817 1994 deinde,
849 1938 1027 1998 triginta
1059 1937 1246 1980 duorum
1272 1937 1431 1997 pedum
1458 1936 1727 1998 longitudine

370 2016 593 2061 columnas
617 2018 773 2061 vidisse
800 2034 855 2061 se.
891 2018 1076 2071 Plinius,
1101 2033 1262 2073 xxxv1,
1291 2033 1330 2077 7.

431 2099 506 2140 IX.
543 2092 686 2147 Νὲπως
706 2095 749 2140 Σὲ
772 2091 1019 2154 Κορνήλιος,
1053 2095 1128 2152 οὐχ
1159 2094 1231 2142 sm&
1269 2093 1426 2153 γήρως,
1457 2102 1606 2154 φησὶν,
1638 2095 1725 2140 οὑὲὲ

369 2173 480 2224 νὸσου
507 2173 770 2240 παραλλάξαι
796 2175 859 2222 τὶν
885 2171 1163 2231 Λούκουλλον,
1190 2173 1301 2219 ἀλλὰ
1327 2170 1557 2232 φαρμάκοις
1580 2171 1650 2221 ὑπὸ
1671 2193 1729 2220 τι·-

324 2252 327 2256 ¹
369 2275 428 2308 νος
457 2264 530 2301 τῶν
554 2251 815 2313 ἀπελευθέρων
840 2250 1137 2305 Καλλισθὲνους
1169 2250 1451 2313 Σιαφθαρὲντκ·
1476 2254 1527 2299 ταὶ
1554 2255 1596 2299 Σὲ
1620 2253 1725 2312 φάρ-

365 2356 485 2394 μακα
513 2335 670 2392 Σοθῆνοει
701 2333 798 2393 μὲν,
826 2335 875 2384 ὡς
904 2333 1097 2389 ἀγαπῷτο
1118 2333 1285 2392 μᾶλλον
1312 2334 1329 2381 ὃ
1358 2330 1634 2390 Καλλισθὲνης
1663 2334 1722 2379 ὑπ’

367 2415 511 2471 αὐτοῦ,
531 2411 715 2471 ‘telonii-nv
737 2410 847 2472 ’ἔχειν
871 2404 1061 2459 Σοκοῧντα
1083 2413 1152 2470 τὴν
1173 2411 1360 2473 δύναμιν·
1391 2414 1560 2470 ἐκςῆσαι
1587 2413 1629 2458 Σὲ
1656 2422 1726 2459 καί

369 2491 592 2540 mammem
629 2496 692 2542 τὸν
721 2494 946 2555 λογισμὸν,
974 2493 1061 2540 ὥστ’
1090 2489 1145 2540 ’ἔτι
1181 2499 1316 2552 ζῶντος
1339 2493 1459 2538 αὐτοῦ
1488 2493 1558 2549 τὴν
1587 2494 1725 2538 οὐσίαν

369 2579 526 2620 διοικεῖν
551 2575 613 2622 τὸν
642 2571 831 2630 ἀδελφὼ.
