1859 3310
651 229 890 264 DATAMES.
1397 241 1413 271 ’,-
1423 231 1442 265 3

96 325 195 354 cum
218 320 335 366 octo,
364 311 671 355 Armeniorum
696 309 865 363 decem,
893 309 1220 372 Paphlagonum
1247 313 1454 373 quinque,

97 387 317 450 Phrygum
354 389 526 444 decem,
553 388 774 447 Lydorum
812 390 1029 448 quinque,
1062 390 1380 450 Aspendiorum
1412 402 1455 436 et

97 466 337 511 Pisidarum
363 467 534 510 circiter
562 467 668 523 tria,
692 466 878 511 Cilicum
906 468 1017 523 duo,
1049 470 1361 529 Captianorum
1389 479 1455 514 to-

98 544 252 600 tidem,
273 562 322 588 ex
348 545 519 588 Graecia
545 546 863 590 conductorum
893 549 974 592 tria
1008 547 1162 603 millia3
1190 547 1293 591 levis
1316 564 1454 592 arma-

98 633 201 668 turae
224 626 460 668 maximum
483 642 725 669 numerum.
742 628 827 670 Has
847 626 1049 672 adversus
1072 628 1217 688 copias
1245 645 1338 688 spes
1361 644 1454 673 om-

96 703 164 746 nis
196 704 456 748 consistebat
483 705 657 749 Datami
688 705 732 748 in
761 722 803 748 se
838 704 1006 767 locique
1041 716 1197 750 natura
1233 724 1241 750 :
1268 724 1454 768 namque

95 782 222 840 hujus
251 792 418 842 partem
446 800 535 827 non
569 784 753 827 habebat
779 785 1026 829 vicesimam
1057 785 1258 829 militum.
1285 786 1453 843 Quibus

94 859 228 904 fretus
251 862 446 905 conflixit
459 896 470 917 ,
487 862 919 923 adversariorumque
938 863 1076 908 multa
1093 864 1227 908 millia
1245 864 1453 920 conciditz,

94 955 229 999 quum
253 939 305 983 de
325 941 458 1000 ipsius
478 942 669 985 exercitu
692 958 779 985 non
800 942 983 1002 amplius
1000 943 1227 986 hominum
1247 942 1363 986 mille
1386 960 1453 987 ce-

95 1017 265 1062 cidisset
289 1035 298 1061 :
324 1035 453 1079 quam
474 1020 529 1063 ob
557 1037 728 1064 causam
750 1031 924 1081 postero
957 1021 1026 1064 die
1055 1031 1265 1081 tropaeum
1289 1023 1452 1081 posuit,

94 1112 180 1156 quo
212 1095 306 1140 loco
329 1097 468 1157 pridie
496 1108 739 1159 pugnatum
767 1109 872 1142 erat.
898 1100 1008 1143 Hine
1037 1116 1170 1160 quum
1201 1110 1340 1143 castra
1367 1118 1454 1144 mo-

93 1175 241 1233 visset,
264 1192 517 1237 semperque
535 1177 714 1221 inferior
728 1179 885 1238 copiis,
911 1179 1107 1238 superior
1129 1179 1331 1222 omnibus
1349 1196 1455 1239 proe-

93 1252 160 1298 liis
189 1253 445 1312 discederet,
473 1255 590 1316 quod
623 1273 846 1317 nunquam
875 1273 1051 1300 manum
1082 1268 1346 1311 consereret,
1373 1259 1455 1302 nisi

93 1349 226 1394 quum
245 1333 512 1379 adversarios
533 1335 727 1380 locorum
753 1336 962 1396 angustiis
987 1335 1229 1393 clausisset,
1251 1337 1367 1396 quod
1382 1354 1455 1398 pe-

93 1413 178 1456 rito
202 1414 430 1475 regionum
453 1414 693 1475 callideque
720 1416 929 1477 cogitanti
955 1432 1065 1475 saepe
1092 1415 1332 1471 accidebat;
1362 1422 1453 1461 Au-

93 1493 393 1553 tophradates,
416 1510 551 1554 quum
574 1493 736 1538 bellum
761 1494 860 1538 (luci
882 1495 1045 1554 majore
1066 1496 1176 1556 regis
1197 1495 1455 1553 calamitate,

33 1564 37 1568 .
94 1587 225 1632 quam
255 1572 627 1628 adversariorum,
655 1573 838 1629 videret,
868 1574 922 1617 ad
955 1591 1106 1634 pacem
1136 1575 1456 1635 amicitiamque

95 1652 291 1696 hortatus
319 1662 403 1708 est,
425 1663 472 1696 ut
496 1669 592 1696 cum
620 1669 719 1713 rege
743 1654 786 1696 in
811 1654 994 1713 gratiam
1023 1654 1195 1697 rediret.
1222 1656 1363 1711 Quam
1385 1653 1457 1698 ille

91 1731 170 1774 etsi
197 1730 327 1775 fidam
348 1748 437 1775 non
457 1731 550 1775 fore
568 1732 774 1792 putabat,
793 1742 937 1775 tamen
961 1732 1254 1776 conditionem
1277 1734 1456 1794 accepit,

92 1826 221 1870 seque
244 1810 299 1854 ad
318 1813 602 1855 Artaxerxem
617 1810 780 1872 legatos
798 1812 1028 1855 missurum
1055 1810 1174 1855 dixit.
1192 1813 1259 1855 Sic
1273 1811 1455 1860 bellum.

91 1889 208 1949 quod
231 1906 305 1933 rex
326 1889 530 1933 adversus
552 1892 780 1934 Datamem
802 1900 1047 1951 susceperat
1072 1890 1267 1933 sedatum
1292 1908 1300 1933 :
1327 1892 1457 1935 Auto-

91 1969 322 2029 phradates
344 1969 389 2013 in
412 1970 646 2030 Phrygiam
669 1986 712 2012 se
740 1970 914 2030 recepit.

152 2050 231 2092 IX.
247 2051 305 2093 At
327 2065 420 2103 rex,
444 2048 562 2108 quod
588 2047 859 2108 implacabile
885 2048 1033 2092 odium
1049 2050 1093 2092 in
1116 2051 1345 2093 Datamem
1366 2066 1456 2092 sus-

93 2137 288 2188 ceperat,
312 2137 540 2188 postquam
558 2127 672 2171 bello
689 2144 786 2171 eum
808 2128 997 2187 opprimi
1012 2144 1100 2170 non
1124 2144 1246 2187 posse
1265 2129 1455 2172 animad-

92 2207 245 2262 vertit,
278 2206 444 2251 insidiis
475 2207 717 2250 interficere
754 2206 950 2250 studuit:
987 2222 1092 2266 quas
1122 2206 1195 2250 ille
1228 2207 1454 2268 plerasque

91 2286 256 2329 vitavit.
281 2286 401 2329 Sicut
425 2302 560 2345 quum
589 2287 838 2330 nuntiatum
863 2295 989 2341 esset,
1015 2286 1224 2345 quosdam
1250 2287 1330 2329 sibi
1350 2289 1453 2330 insi-

92 2364 221 2420 diari,
244 2365 318 2425 qui
343 2365 387 2407 in
414 2365 650 2408 amicorum
676 2375 801 2408 erant
826 2381 1008 2407 numero
1032 2364 1103 2423 (de
1133 2365 1307 2423 quibus,
1335 2366 1451 2424 quod

96 2445 262 2490 inimici
295 2443 559 2499 detulerant,
585 2460 724 2504 neque
751 2443 1034 2497 credendum,
1064 2460 1203 2503 neque
1232 2443 1454 2505 negligen-

93 2523 196 2568 dum
218 2523 422 2586 putavit),
442 2525 628 2584 experiri
652 2522 810 2578 voluit,
835 2539 986 2566 verum
1009 2521 1220 2566 falsumne
1249 2533 1357 2567 esset
1385 2541 1453 2568 re-

95 2602 240 2648 latum.
265 2606 417 2663 Itaque
442 2619 492 2646 co
521 2602 737 2663 profectus
760 2611 841 2658 est,
866 2618 952 2661 quo
980 2602 1133 2646 itinere
1155 2600 1322 2647 futuras
1349 2604 1452 2647 insi-
