1859 3310
321 263 391 286 200
666 252 872 286 JOANle
903 252 1048 286 HENR.
1082 249 1336 285 SCHLEGEL

317 335 441 377 dium,
469 341 543 369 tum
580 334 727 369 deinum
761 342 795 368 et
832 334 936 380 pueri
963 334 1079 368 avidis
1107 334 1254 368 auribus
1283 331 1477 378 accipient,
1504 330 1685 378 quidquid

318 396 363 430 ad
390 396 628 442 explicandos
656 402 823 429 auctores
850 395 999 429 tradunt
1024 395 1208 440 magistri,
1241 394 1271 428 si
1300 406 1379 427 cuin
1409 393 1541 438 linguae
1567 392 1686 425 latin-‹e›

317 456 440 490 studio
454 456 658 502 antiquaria
673 462 707 489 et
720 455 893 488 historica
912 455 1075 500 cognitio
1089 455 1158 489 rite
1176 454 1421 500 conjungitur.
1439 454 1555 487 Multa
1579 451 1687 486 etiam

317 516 364 551 de
380 516 435 550 his
456 516 564 550 rebus
584 516 757 562 praeclare
770 515 956 561 scripsisse
973 515 1084 549 video
1102 516 1344 563 Longolium,
1357 514 1593 557 Lambinum,
1606 514 1688 547 Ma—

317 578 433 624 gium;
458 576 522 611 sed
548 577 704 618 multos,
724 575 786 622 qui
811 588 874 610 eos
893 574 1046 610 insecuti
1071 583 1170 619 sunt,
1189 582 1519 617 commentatores,
1539 581 1598 609 aut
1622 585 1690 608 ne—

317 638 473 685 glexisse
500 636 758 682 antiquitates,
782 643 844 671 aut
873 649 952 683 quae
976 636 1022 671 de
1048 636 1099 671 eis
1127 644 1408 683 congesserunt,
1437 636 1538 671 inani
1565 635 1691 682 dispu-

318 698 457 733 tatione
482 703 663 742 tantoque
690 696 890 731 involvisse
917 696 1119 731 verborum
1138 697 1298 739 ambitu,
1319 704 1357 731 ut
1382 709 1458 732 non
1488 696 1592 731 facile
1619 707 1689 730 no—

318 765 394 792 tare
426 764 461 792 et
485 756 676 804 percipere
696 757 813 803 possit
831 758 947 792 lector
971 757 1010 791 id
1043 757 1144 804 quod
1171 757 1217 791 ad
1242 770 1320 792 rem
1344 758 1515 804 pertinet.
1539 757 1691 792 Consuli

318 820 410 854 solet
434 818 473 852 in
498 818 715 853 evolvendis
742 818 952 853 auctoribus
971 818 1137 854 Lexicon
1159 818 1418 864 antiquitatum
1438 830 1692 857 romanarum,

318 893 362 915 ex
386 887 490 927 parte
518 880 628 914 etiam
660 879 708 915 ad
740 880 831 915 ritus
864 882 1077 915 Graecorum
1106 879 1318 927 pertinens,
1346 879 1445 926 quod
1476 891 1495 913 a
1523 880 1693 914 Samuele

319 941 478 984 Pz'tzssrco,
500 952 642 988 magnae
660 941 880 976 eruditionis
898 941 1001 985 viro,
1028 941 1274 983 elaboratum,
1301 940 1419 975 tribus
1439 940 1694 975 voluminibus

318 1002 461 1049 prodiit
475 1003 587 1049 Hagae
603 1002 789 1037 Comitum
813 1015 826 1036 1
837 1003 908 1046 737
922 1029 931 1044 ,
950 1015 1029 1037 mea
1045 1015 1088 1037 ex
1103 1002 1279 1037 editione.
1300 1001 1343 1036 Id
1356 1002 1518 1036 Lexicon
1531 1029 1540 1045 ,
1561 1014 1692 1048 quam-

319 1063 374 1097 vis
394 1076 412 1098 e
431 1063 567 1098 Graevii
586 1063 842 1110 Gronoviique
867 1064 1079 1107 Thesauris,
1103 1063 1300 1110 multisque
1325 1063 1405 1097 aliis
1433 1076 1451 1098 e
1479 1063 1584 1098 libris
1607 1075 1695 1098 con-

319 1131 479 1172 gestum,
498 1124 561 1158 vix
581 1124 745 1171 explebit
764 1124 1022 1171 antiquitatum
1043 1124 1276 1159 sciscitatoris
1295 1124 1497 1168 desideria,
1517 1131 1695 1171 apparatu

320 1186 521 1232 praesertim
546 1185 728 1220 librorum
754 1186 930 1220 destituti.
957 1186 1085 1221 Inveni
1112 1198 1141 1220 e.
1161 1198 1193 1233 g.
1224 1185 1375 1220 omissas
1394 1198 1504 1220 voces
1527 1185 1692 1228 Poecile,

321 1254 356 1283 et
380 1247 426 1282 de
453 1260 526 1294 qua
551 1259 659 1293 supra
682 1247 853 1291 tractavi,
863 1248 1080 1294 periculum.
1109 1247 1185 1282 Sub
1209 1247 1416 1294 gynaecium
1437 1259 1500 1282 seu
1515 1259 1696 1294 gynoeco-

321 1308 405 1342 uitis
437 1320 553 1354 pauca
590 1308 743 1342 collecta
776 1315 880 1351 sunt,
911 1308 1136 1342 illustrandae
1164 1308 1219 1342 illi
1249 1308 1529 1352 consuetudini,
1551 1308 1597 1343 de
1626 1320 1696 1355 qua

322 1368 483 1415 loquitur
507 1370 652 1415 Nepos,
677 1368 797 1403 minus
825 1368 971 1403 idonea.
1002 1369 1076 1404 Nec
1108 1369 1226 1403 otium
1252 1369 1428 1416 suppetit,
1450 1382 1518 1405 nec
1544 1369 1698 1404 fortasse

321 1429 530 1464 suffecerint
550 1429 646 1464 vires
665 1429 712 1464 ad
731 1429 988 1476 explicandam
1008 1429 1047 1464 in
1064 1429 1188 1464 multis
1205 1430 1362 1464 auctoris
1388 1430 1505 1465 nostri
1523 1430 1614 1465 locis
1627 1442 1696 1464 an-

322 1490 539 1538 tiquitatem.
567 1490 787 1538 Speciminis
812 1491 896 1525 loco
915 1490 1063 1538 ,aliquot
1091 1490 1278 1526 exhibebo
1304 1491 1594 1526 observationes.

375 1553 441 1588 III.
473 1552 646 1600 Quisquis
669 1553 873 1588 litterarum
897 1564 1096 1600 graecarum
1118 1565 1196 1587 non
1224 1553 1378 1587 omnino
1404 1565 1533 1599 expers
1552 1559 1623 1595 est,
1642 1551 1700 1587 of-

322 1613 495 1649 fendetur
523 1614 644 1648 statim
672 1615 757 1648 loco
789 1614 855 1649 illo
881 1613 1044 1649 Cornelii
1070 1614 1109 1648 in
1132 1613 1349 1661 praefatione
1370 1627 1377 1647 ε
1405 1630 1420 1645 α
1448 1614 1557 1649 Nulla
1582 1614 1698 1648 Lace-

323 1674 485 1709 daemoni
509 1682 584 1709 tam
611 1682 665 1710 est
689 1675 827 1710 nobilis
845 1675 980 1718 vidua,
1006 1687 1085 1722 quae
1108 1687 1184 1709 non
1207 1674 1255 1709 ad
1279 1687 1426 1709 scenam
1450 1681 1508 1709 eat
1531 1673 1701 1709 mercede

325 1736 519 1771 conducta.
543 1752 558 1766 »
586 1736 745 1780 Scimus,
763 1736 1064 1771 Lacedaemonios
1095 1748 1114 1771 e
1138 1737 1218 1783 lege
1245 1736 1403 1783 Lycurgi
1428 1736 1526 1771 ludis
1549 1735 1702 1770 scenicis

324 1809 387 1832 seu
415 1797 656 1833 theatralibus
692 1798 848 1832 omnino
877 1797 1108 1832 abstinuisse.
1134 1797 1320 1832 Manifesti
1354 1804 1437 1832 sunt
1468 1797 1542 1832 loci
1566 1798 1701 1832 Xeno—

324 1858 494 1905 phontis,
514 1859 578 1906 qui
591 1858 780 1894 familiaris
804 1859 872 1893 fuit
889 1859 1072 1905 Agesilai,
1092 1865 1127 1893 et
1139 1859 1343 1902 Plutarchi,
1363 1859 1427 1905 qui
1453 1865 1599 1893 centum
1618 1865 1704 1905 post

325 1920 541 1955 Cornelium
568 1920 674 1955 annis
697 1921 861 1968 scripsit,
886 1933 1110 1967 omnemque
1137 1920 1267 1955 adimit
1287 1920 1582 1964 excusationem,
1606 1920 1704 1954 hunc

326 1994 403 2016 non
440 1982 486 2016 de
513 1982 701 2017 Pausaniae
726 1989 762 2016 et
784 1982 964 2029 Agesilai,
992 1981 1056 2016 sed
1084 1981 1130 2016 de
1155 1994 1223 2016 suo
1251 1981 1364 2029 ipsius
1389 1989 1556 2029 tempore
1583 1980 1704 2027 loqui,

328 2056 441 2090 quum
461 2044 622 2090 Lycurgi
641 2045 739 2090 leges
757 2044 831 2089 jam
852 2050 972 2078 essent
996 2043 1185 2078 obsoletae.
1208 2044 1254 2077 Et
1276 2043 1305 2077 si
1323 2054 1507 2089 unquam,
1529 2048 1704 2088 corrupto

327 2104 540 2150 reipublicae
567 2111 678 2147 statu,
706 2104 978 2139 Lacedaemonii
1008 2104 1107 2150 leges
1136 2116 1217 2138 suas
1251 2104 1345 2138 adeo
1378 2104 1642 2149 neglexerunt,
1668 2109 1706 2137 ut

329 2176 444 2199 scenae
484 2177 635 2211 operam
671 2164 820 2207 darent;
850 2177 914 2199 cur
944 2176 1019 2211 prae
1046 2164 1174 2199 ceteris
1200 2164 1239 2198 in
1267 2170 1344 2198 tota
1372 2164 1511 2199 Graecia
1544 2163 1706 2205 feminis,

329 2225 600 2260 lacedaemoniae
624 2225 743 2260 viduae
770 2226 892 2260 nobili
918 2225 1123 2269 tribuatur,
1147 2224 1250 2271 quod
1272 2225 1343 2260 nisi
1367 2237 1434 2271 per
1459 2225 1626 2260 fraudem
1649 2225 1706 2259 le-

329 2286 384 2333 gis
414 2286 511 2321 cives
541 2294 814 2333 nonnunquam
840 2286 1029 2321 admisisse
1061 2285 1316 2333 suspicamur?
1342 2286 1517 2321 Mercede
1548 2285 1707 2320 conduci

330 2347 471 2390 solent,
491 2347 554 2394 qui
581 2348 617 2382 ιή
644 2360 790 2383 scenam
813 2354 922 2391 eunt,
939 2354 979 2381 ut
1000 2354 1124 2395 partes
1151 2359 1286 2394 nempe
1312 2354 1423 2395 agant
1441 2347 1479 2381 in
1506 2345 1706 2390 comoedia,

331 2419 408 2442 non
428 2408 492 2454 qui
510 2409 564 2442 ad
588 2421 752 2452 scenam,
774 2416 813 2443 ut
839 2415 1016 2455 spectent.
1036 2408 1204 2443 Muneris
1227 2420 1334 2443 causa
1356 2408 1563 2455 sumptibus
1584 2406 1708 2454 publi-

333 2469 384 2504 cis
405 2469 445 2504 in
467 2469 547 2504 aliis
574 2470 721 2505 Graeciae
752 2470 905 2505 urbibus
931 2470 1204 2509 exhibebantur
1225 2470 1322 2513 ludi3
1347 2469 1412 2505 sed
1439 2470 1520 2516 quis
1539 2468 1708 2503 mercede

334 2531 515 2566 conducet
547 2544 627 2575 eos,
658 2532 790 2578 quibus
818 2539 982 2578 spectare
1009 2533 1146 2579 volupe
1176 2531 1256 2566 est?
1286 2530 1457 2577 Effugere
1490 2530 1708 2576 interpretes

333 2592 456 2626 conati
488 2600 573 2627 sunt
599 2593 664 2627 has
698 2593 939 2639 quaestiones,
969 2593 1016 2628 ad
1045 2606 1132 2640 quas
1157 2593 1220 2626 vix
1247 2599 1330 2638 apta
1359 2590 1558 2638 excogitari
1586 2597 1708 2637 potest

333 2653 546 2700 responsio,
566 2654 684 2689 tribus
701 2654 832 2689 modis.
849 2655 919 2689 Alii
933 2681 941 2698 ,
955 2654 1002 2690 ab
1021 2654 1171 2690 AEmilio
1185 2654 1309 2688 Probo
1329 2652 1492 2699 profecta
1506 2653 1581 2687 haec
1595 2652 1708 2687 verba

1852 129 1853 138 ⁴
1849 0 1859 87 -r-:=
