1859 3310
503 195 553 228 IN
581 195 726 229 VITAS
755 195 956 230 EXCELL.
987 198 1147 231 IMPER.
1435 212 1503 235 221

140 274 313 311 eleusinia
325 302 335 320 ‚
349 288 428 324 quae
442 289 510 324 per
527 277 782 313 excellentiam
793 277 965 325 mysteria
979 278 1207 314 dicebantur.
1223 281 1279 316 Ita
1292 282 1390 328 apud
1408 284 1509 318 Thu-

140 335 333 383 cydidem,
355 351 403 382 11,
430 338 500 382 25,
532 336 650 375 ποιεῖν
675 334 872 383 Διονύσια,
897 339 1139 375 Bacchanalia
1169 340 1305 385 facere,
1328 354 1392 377 seu
1412 356 1511 391 mys—

140 397 231 432 teria
248 399 381 434 Bacchi
399 400 596 436 celebrare.

193 459 276 495 CAP-
296 461 359 496 IV.
396 460 537 510 Capitis
562 462 791 496 damnatum.
824 461 989 508 Capitale
1016 469 1093 497 erat
1123 463 1295 510 mysteria
1323 463 1512 510 evulgare3

138 527 175 555 et
200 521 361 557 convicti
379 522 497 569 capite
519 522 808 567 damnabantur,
828 523 1004 570 bonaque
1027 536 1155 558 eorum
1179 525 1475 572 publicabantur.

190 585 236 618 In
262 584 352 633 pila
387 584 554 631 lapidea.
589 585 708 629 Infra,
739 598 798 630 v1,
826 586 950 633 plures
981 585 1091 621 fuisse
1118 586 1169 621 ait
1195 586 1289 634 pilas
1316 587 1355 622 in
1381 587 1512 634 quibus

138 645 342 681 exsecratio
361 652 455 680 esset
468 645 580 681 incisa
595 659 604 681 ε
629 663 643 679 «
659 647 816 694 pilaeque
835 647 956 683 illae....
971 647 1010 682 in
1028 660 1129 683 mare
1147 648 1391 696 praecipitatae.
1409 664 1423 679 »
1443 649 1513 683 Hic

136 718 216 741 mos
235 706 346 741 etiam
365 707 464 754 apud
482 720 550 743 nos
568 707 735 743 invaluit.

188 767 272 802 CAP.
292 768 357 802 VI.
392 770 438 803 In
461 782 567 805 mare
586 770 844 817 proecipitatoe.
875 771 961 805 Non
989 770 1101 817 pilas,
1131 772 1330 807 sententias
1355 785 1444 808 vero
1478 779 1514 807 et

135 828 217 863 lites
238 828 277 864 in
302 842 403 865 mare
421 830 629 879 praecipites
648 838 762 876 actas,
780 832 859 867 vult
880 831 1070 867 Diodorus
1083 859 1092 877 ‚
1114 845 1195 867 XIII
1208 860 1218 878 ,
1240 833 1307 882 693
1327 834 1391 869 sed
1412 833 1513 881 quod

135 897 260 926 narrat
285 891 413 939 Nepos
432 891 666 928 verisimilius
686 900 756 938 est;
776 900 811 929 et
828 892 948 939 major
966 892 1051 928 huic
1070 906 1157 928 sane
1182 892 1286 928 fides.

187 952 270 987 CAP.
291 953 377 988 VII.
402 955 438 988 A
463 967 559 1003 rege.
593 954 742 990 Scilicet
771 957 978 999 Persarum,
1015 968 1035 990 a
1061 955 1177 990 Dario
1207 956 1267 990 vel
1291 955 1408 1003 Cyro,
1438 955 1513 1002 ejus

134 1012 234 1058 filio,
248 1014 312 1062 qui
330 1021 418 1050 tunc
437 1016 552 1052 Ioniae
567 1017 781 1065 Lydiaeque‚
803 1017 842 1051 in
865 1018 949 1052 loco
975 1016 1249 1064 Tissaphernis,
1270 1024 1347 1051 erat
1369 1029 1514 1064 praepo-

135 1075 236 1111 situs.
264 1077 357 1112 Vide
374 1078 542 1122 Jusrm„
561 1092 603 1123 v,
623 1077 656 1113 5.
677 1078 869 1114 Diodorus
888 1085 1103 1126 corruptum
1121 1078 1172 1114 ait
1191 1091 1211 1113 a
1233 1085 1378 1126 satrape
1396 1079 1514 1114 Phar-

134 1137 296 1183 nabazo,
321 1139 421 1185 cujus
444 1138 644 1174 amicitiam
667 1139 809 1175 inimici
829 1139 1018 1175 Alcibiadi
1043 1139 1189 1174 crimini
1211 1140 1416 1175 vertebant.

187 1200 271 1235 CAP.
292 1201 393 1236 VIII.
413 1201 532 1249 Apud
547 1203 663 1249 AEgos
672 1201 831 1248 flumen.
851 1201 965 1246 Quod
988 1198 1106 1251 Αἰγὸς
1125 1200 1301 1249 ποταμδς
1317 1201 1513 1242 Pausanias

134 1268 261 1306 vocat,
281 1274 351 1307 111,
375 1274 432 1307 17.
465 1263 558 1298 Vide
577 1275 688 1311 supra
709 1263 747 1298 in
768 1263 981 1311 LysandrO,
1002 1274 1033 1301 1.

186 1324 314 1371 Neque
332 1326 442 1373 longe
459 1324 604 1360 abesset
620 1325 820 1370 Lysander.
833 1325 922 1360 Erat
941 1324 1041 1360 enim
1054 1323 1267 1372 Lampsaci,
1281 1323 1383 1371 quod
1401 1324 1512 1371 paulo

134 1391 219 1419 ante
244 1392 401 1432 ceperat.
426 1386 669 1433 Lampsacum
685 1392 808 1420 autem
821 1386 869 1421 ab
885 1386 1130 1433 Hellesponto
1158 1385 1270 1421 distat
1295 1384 1414 1420 stadia
1436 1385 1512 1420 cir—

134 1445 226 1481 citer
246 1459 312 1491 Χν,
334 1446 400 1482 ubi
422 1453 500 1482 erat
524 1446 745 1482 Alcibiades.
765 1447 933 1483 Limam.

185 1510 219 1544 A
241 1521 336 1557 rege.
359 1509 474 1557 Cyro,
498 1509 603 1545 Darii
626 1507 724 1553 filio,
748 1508 811 1557 qui
835 1507 1029 1556 Lysandro
1054 1507 1155 1544 mille
1179 1508 1327 1544 daricos
1352 1508 1513 1543 miserat.

188 1570 319 1606 Castra
322 1598 383 1606 .....
407 1572 571 1606 nautica.
599 1571 756 1607 Navium
783 1570 923 1606 scilicet
952 1570 1141 1606 stationes.
1177 1570 1359 1606 Nonnulli
1390 1577 1515 1605 castra

133 1631 321 1680 explicant
356 1632 402 1667 de
434 1632 614 1680 praesidiis
642 1631 682 1667 in
712 1632 888 1680 proximo
916 1631 1042 1667 littore
1069 1631 1278 1676 collocatis,
1311 1644 1390 1679 quae
1426 1629 1514 1666 inde

133 1706 246 1730 naves
263 1693 360 1742 ipsas
379 1700 595 1729 tutarentur.

185 1755 268 1791 Cn.
289 1756 352 1791 IX.
372 1756 472 1804 Rege
489 1756 699 1791 Persarum.
722 1757 925 1791 Artaxerxe
943 1756 1163 1799 Mnemone,
1182 1753 1266 1802 qui,
1285 1754 1384 1802 Cyro
1402 1753 1515 1789 fratre

131 1817 248 1862 victo,
265 1817 381 1854 Dario
402 1817 500 1865 patri
517 1824 748 1853 successerat.

190 1879 330 1925 Cyrum.
351 1879 564 1914 Artaxerxis
583 1879 755 1923 fratrem,
779 1878 838 1914 cui
856 1878 991 1913 Darius
1011 1894 1024 1909 <‹
1042 1877 1225 1922 civitates,
1246 1889 1400 1925 quarum
1417 1890 1514 1926 prae-

133 1939 248 1975 fectus
266 1947 362 1986 erat,
386 1947 607 1977 testamento
627 1940 775 1988 legavit.
799 1956 814 1971 »
847 1940 938 1975 Vide
956 1940 1056 1974 Jnsr.
1070 1966 1081 1984 ,
1104 1952 1147 1984 V,
1176 1951 1234 1975 11.

183 2003 267 2039 CAP.
291 2004 340 2039 X.
365 2005 478 2038 Laco.
496 2002 797 2038 Lacedaemonius
826 2001 1028 2050 Lysander.
1054 2003 1129 2045 Ita,
1155 1999 1255 2048 apud
1282 1999 1513 2044 Sallustium,

132 2065 295 2100 Numida
312 2077 383 2112 pro
401 2065 423 2099 J
426 2065 599 2112 ugurtha,
622 2064 779 2112 Maurus
797 2075 868 2110 pro
888 2063 1034 2097 Boccho
1056 2069 1263 2109 usurpatur.

185 2126 439 2173 Sysamithren
463 2133 500 2161 et
517 2127 702 2174 Bagoam.
727 2123 980 2172 Sysamithren
995 2123 1227 2158 Pharnabazi
1249 2129 1420 2170 patruum
1440 2135 1514 2158 vo—

132 2196 190 2225 cat
208 2188 438 2224 Plutarchus.
452 2188 610 2234 Bagoas
628 2198 768 2221 nomen
790 2192 844 2220 est
862 2197 1059 2220 commune
1079 2197 1153 2232 quo
1171 2186 1289 2220 Persae
1308 2183 1514 2219 eunuchum

131 2251 329 2286 vocabant.
354 2248 424 2284 Hic
442 2261 581 2284 nornen
603 2254 656 2283 est
677 2247 881 2295 proprium.
907 2246 980 2282 Alii
998 2247 1185 2295 Bagaeum
1203 2247 1340 2294 legunt.

186 2312 269 2347 CAP.
293 2311 363 2346 XI.
395 2311 516 2357 Quam
541 2309 682 2357 ingenii
699 2308 871 2343 Acumim‘
884 2308 1090 2342 inserviunt.
1110 2307 1275 2342 Bacchus
1287 2334 1297 2352 ‚
1316 2307 1380 2354 qui
1397 2307 1514 2343 dictus

133 2382 213 2411 erat
248 2372 573 2421 Tauroceplzalus,
604 2372 843 2413 Tauroeeros,
887 2370 1159 2412 numeramus,
1196 2369 1513 2418 Tauromotplzus,

133 2436 274 2472 Thebis
295 2441 402 2469 natus
424 2440 519 2476 erat,
540 2439 576 2467 et
600 2431 761 2466 maxime
783 2430 993 2475 colebatur3
1013 2430 1245 2477 Cadmusque
1264 2442 1285 2465 a
1307 2437 1410 2477 patre
1428 2431 1514 2465 mis-

133 2510 193 2533 sus
216 2497 264 2533 ad
287 2495 577 2544 perquirendam
605 2504 774 2528 sororem
799 2505 902 2528 suam
924 2493 1132 2538 Europam,
1157 2504 1269 2538 quam
1295 2491 1457 2539 Jupiter,
1479 2493 1515 2526 in

135 2567 278 2594 taurum
300 2565 481 2599 mutatus,
512 2562 699 2603 rapuerat,
719 2554 866 2590 Thebas
892 2552 1062 2589 condidit
1075 2581 1084 2598 ,
1106 2554 1191 2588 loco
1210 2553 1258 2588 ad
1277 2566 1386 2600 quem
1405 2553 1515 2588 ductu

135 2621 231 2655 bovis
255 2625 487 2667 pervenerat.
514 2619 659 2653 Nomen
679 2616 790 2663 igitur
809 2616 972 2660 Boeotia,
991 2612 1010 2654 ἦ
1039 2616 1196 2651 Bononia
1209 2640 1220 2660 ‚
1244 2628 1264 2651 a
1279 2612 1393 2657 βόειος
1407 2644 1415 2657 ,
1440 2616 1512 2649 bo·-
