1859 3310
339 224 386 256 70
779 214 1010 249 CORNELII
1039 215 1244 251 NEPOTIS

337 295 470 349 latur,
497 296 706 340 adventus
738 298 829 356 ejus
860 315 987 341 causa
1015 301 1304 360 cognoscitur.
1333 299 1496 342 Pisidas
1525 316 1622 342 cum
1654 301 1703 342 iis

337 392 445 435 quos
470 392 613 418 secum
639 376 843 430 habebat,
867 376 919 418 ad
940 378 1225 421 resistendum
1251 379 1376 438 Aspis
1398 387 1631 439 comparat.
1655 378 1704 421 ld

338 456 539 498 Datames
566 455 639 498 ubi
664 454 848 509 audivit,
872 471 991 497 arma
1016 458 1168 513 sumit,
1191 474 1377 517 suosque
1403 458 1523 517 sequi
1543 457 1668 516 jubet
1695 475 1704 500 :

339 535 426 594 ipse
463 550 573 593 equo
608 534 822 576 concitato
859 533 912 575 ad
943 534 1111 578 hostem
1148 536 1333 580 vehitur.
1370 538 1511 594 Quem
1554 535 1706 597 procul

337 613 463 672 Aspis
492 612 757 672 conspiciens
786 611 840 654 ad
868 628 912 655 se
943 612 1172 669 ferentem,
1204 617 1486 675 pertimescit,
1522 626 1652 675 atque
1683 631 1708 658 a

339 699 495 733 conatu
527 690 751 733 resistendi
778 690 1027 747 deterritus,
1059 709 1148 737 sese
1180 694 1308 737 dedit.
1343 697 1471 738 Hunc
1506 697 1707 738 Datames

338 770 533 812 vinctum
560 769 612 812 ad
638 785 781 829 regem
807 770 1052 814 ducendum
1077 772 1209 815 tradit
1232 774 1490 816 Mithridati.

401 850 453 890 V.
498 851 599 892 Haec
636 848 741 891 dum
777 860 1012 909 geruntur,
1050 854 1329 907 Artaxerxes,
1369 853 1645 895 reminiscens
1685 870 1709 895 a

339 937 503 987 quanto
538 926 649 971 bello
683 928 737 971 ad
772 945 901 988 quam
935 945 1113 989 parvam
1145 946 1235 973 rem
1272 931 1513 991 principem
1551 930 1707 974 ducum

339 1008 544 1061 misisset,
571 1023 614 1050 se
647 1009 737 1068 ipse
765 1008 1060 1068 reprehendit,
1086 1019 1128 1052 et
1160 1010 1364 1052 nuntium
1392 1009 1445 1052 ad
1479 1011 1711 1053 exercitum

339 1089 455 1131 Acen
476 1087 610 1142 misit,
631 1087 748 1147 quod
768 1086 963 1130 nondum
988 1090 1215 1131 Datamen]
1241 1088 1483 1149 profectum
1507 1089 1711 1149 putabat,

340 1170 414 1228 qui
444 1168 626 1224 diceret,
663 1187 715 1213 ne
744 1170 796 1213 ab
829 1172 1018 1214 exercitu
1047 1171 1294 1214 discederet.
1327 1173 1426 1226 Hic,
1461 1173 1712 1232 priusquam

341 1250 606 1309 perveniret,
641 1266 728 1309 quo
759 1260 850 1293 erat
876 1251 1116 1311 profectus,
1145 1252 1189 1294 in
1224 1252 1376 1295 itinere
1403 1252 1603 1295 convenit
1640 1253 1712 1311 qui

344 1328 488 1388 Aspim
513 1328 740 1372 ducebant.
770 1330 869 1386 Qua
897 1329 1115 1374 celeritate
1141 1348 1277 1390 quum
1304 1347 1504 1391 magnam
1529 1331 1714 1375 benevo-

342 1405 516 1450 lentiam
546 1409 657 1469 regis
693 1410 897 1453 Datames
933 1420 1188 1453 consecutus
1223 1420 1352 1466 esset3
1384 1427 1473 1454 non
1504 1412 1713 1454 minorem

342 1486 546 1530 invidiam
586 1487 826 1532 aulicorum
869 1490 1057 1550 excepit,
1098 1490 1173 1550 qui
1215 1489 1334 1533 illum
1375 1506 1512 1533 unum
1553 1488 1714 1550 pluris,

343 1583 472 1626 quam
499 1585 541 1611 se
561 1585 729 1625 omnes,
755 1570 848 1613 fieri
866 1569 1070 1613 videbant
1093 1587 1101 1613 :
1127 1587 1215 1630 quo
1238 1568 1350 1613 facto
1371 1571 1515 1613 cuncti
1539 1569 1593 1612 ad
1618 1586 1714 1612 eum

343 1648 677 1707 opprimendum
697 1659 1021 1693 consenserunt.
1049 1652 1150 1693 Haec
1173 1649 1404 1704 Pandates,
1433 1666 1546 1710 gazae
1571 1658 1714 1692 custos

343 1727 492 1786 regiae,
527 1728 688 1771 amicus
722 1730 916 1784 Datami,
950 1730 1189 1790 perscripta
1220 1730 1258 1772 ei
1290 1730 1444 1784 mittit3
1480 1731 1522 1772 in
1558 1730 1716 1789 quibus

344 1804 488 1860 docet,
524 1826 544 1847 (ι
577 1824 675 1850 eum
706 1825 864 1868 magno
893 1809 984 1852 fore
1004 1808 1216 1869 periculo,
1250 1810 1283 1852 si
1313 1808 1440 1868 quid,
1476 1808 1548 1852 illo
1583 1810 1718 1869 impe-

344 1896 489 1941 rante,
523 1888 565 1930 in
597 1889 782 1948 AEgypto
812 1888 978 1932 adversi
1004 1888 1226 1932 accidisset
1252 1905 1260 1931 τ
1293 1905 1479 1948 namque
1506 1905 1597 1932 eam
1630 1906 1719 1932 esse

345 1967 701 2011 consuetudinem
743 1970 930 2028 regiam,
974 1978 1023 2011 ut
1065 1984 1188 2011 casus
1227 1967 1428 2011 adversos
1470 1968 1718 2011 hominibus

345 2045 563 2099 tribuant,
590 2046 800 2090 secundos
826 2047 1011 2091 fortunae
1037 2064 1145 2102 suae3
1172 2064 1258 2106 quo
1286 2048 1397 2101 fieri,
1426 2057 1474 2090 ut
1500 2046 1618 2090 facile
1643 2048 1720 2090 im-

345 2123 562 2185 pellantur
589 2125 642 2168 ad
668 2142 818 2169 eorum
848 2128 1100 2186 perniciem,
1128 2143 1314 2186 quorum
1343 2126 1477 2170 ductu
1513 2144 1578 2170 res
1610 2126 1721 2170 male.

347 2214 474 2265 gestae
502 2207 758 2249 nuntientur
785 2223 793 2249 :
823 2205 943 2249 illum
968 2206 1051 2249 hoc
1077 2207 1239 2265 majore
1266 2206 1355 2249 fore
1381 2207 1425 2249 in
1453 2206 1719 2262 discrimine,

346 2284 486 2344 quod,
517 2286 674 2345 quibus
703 2303 775 2329 rex
804 2287 987 2329 maxime
1013 2285 1202 2338 obediat,
1233 2302 1304 2329 eos
1332 2286 1489 2329 habeat
1515 2287 1719 2329 inimicis-

346 2365 487 2408 simos.
507 2385 528 2405 2>
554 2364 728 2409 Talibus
754 2364 822 2409 ille
849 2364 1002 2409 litteris
1023 2366 1231 2425 cognitis,
1255 2382 1391 2426 quum
1414 2366 1503 2425 jam
1527 2365 1580 2408 ad
1603 2381 1721 2408 exer-

346 2445 479 2486 citum
503 2447 620 2487 Acen
647 2446 851 2500 venisset,
872 2445 991 2505 quod
1016 2463 1102 2489 non
1128 2446 1355 2506 ignorabat
1390 2462 1440 2489 ea
1469 2462 1567 2488 vere
1590 2446 1721 2504 scrip·

349 2533 413 2578 ta,
441 2523 673 2568 desciscere
699 2541 722 2568 a
747 2542 846 2586 rege
872 2526 1110 2569 constituit.
1136 2526 1287 2585 Neque
1315 2535 1458 2568 tamen
1484 2523 1718 2584 quidquam

348 2603 468 2657 fecit,
503 2604 618 2663 quod
655 2604 738 2648 side
776 2622 852 2648 sua
888 2615 995 2648 esset
1031 2605 1257 2665 indignum
1291 2622 1298 2646 :
1331 2621 1427 2647 nam
1461 2601 1719 2657 Androclen]
