1859 3310
569 210 688 243 VITA
718 209 780 243 ET
806 209 1004 245 SCRIPTA
1443 213 1481 259 iij

113 290 180 333 bri
201 290 338 335 facere
357 292 506 349 finem,
526 302 568 336 et
588 294 887 335 Romanorum
913 291 1127 354 explicare
1151 294 1429 354 imperatores
1446 303 1482 351 ¹3

116 396 202 439 quo
231 379 416 436 facilius,
444 379 608 424 collatis
642 390 930 440 utrorumque
958 381 1106 438 factis,
1132 382 1205 441 qui
1231 382 1311 424 viri
1336 381 1484 442 praefe-

118 468 239 511 rendi
258 469 365 524 sint,
380 470 516 529 possit
528 469 758 528 judicari.»
776 470 932 530 Operis
951 469 1042 529 ejus
1060 470 1247 529 genuina
1261 470 1484 530 inscriptio

118 564 235 615 patet
254 572 305 599 ex
323 554 485 599 ultimis
502 556 618 600 hisce
635 556 897 618 praefationis
916 557 1059 600 verbis
1077 574 1086 600 :
1109 576 1130 598 <t
1148 558 1298 614 Quare
1314 557 1368 599 ad
1388 573 1487 617 pro-

118 645 308 704 positum
334 646 553 689 veniemus
569 680 580 702 ‚
606 655 649 689 et
672 646 716 689 in
740 646 822 689 hoc
848 662 1112 706 exponemus
1139 644 1251 689 libro
1276 646 1395 689 vitas
1417 661 1488 689 ex-

117 731 356 777 cellentiam
384 734 708 795 imperatorum.
727 753 748 775 »

181 822 341 865 Praeter
375 822 654 882 imperatores
688 839 879 866 seorsum
914 839 1107 866 exarasse
1140 821 1301 865 librum
1336 821 1388 865 de
1412 823 1491 865 Re-

120 909 269 968 gibus,
293 921 551 971 argumento
575 910 666 954 haec
686 921 834 967 erunt,
855 928 951 971 quae
970 909 1252 954 Timoleontis
1273 910 1369 952 vitae
1390 909 1490 953 sub-

122 997 183 1041 dit
213 1015 222 1041 :
256 1017 276 1039 «
299 1000 354 1042 Hi
380 998 467 1042 fere
491 998 609 1042 fuere
636 1000 814 1043 Graeciae
847 1000 985 1059 gentis
1013 998 1162 1053 duces,
1183 998 1258 1057 qui
1287 997 1493 1040 memoria

123 1077 241 1137 digni
271 1078 553 1133 videbantur,
590 1088 745 1139 praeter
777 1095 897 1139 reges
926 1095 935 1121 :
963 1094 1150 1137 namque
1180 1093 1252 1119 eos
1283 1076 1494 1136 attingere

125 1163 363 1222 noluimus,
382 1165 499 1225 quod
517 1166 712 1209 omnium
732 1182 799 1209 res
820 1174 947 1226 gestae
966 1165 1195 1226 separatim
1215 1173 1318 1207 sunt
1336 1162 1491 1206 relatae.

125 1254 273 1314 Neque
298 1264 442 1298 tamen
467 1255 512 1298 hi
538 1255 774 1299 admodum
800 1264 903 1298 sunt
927 1252 1065 1297 multi.
1089 1273 1108 1294 n

188 1344 369 1387 Externi
406 1344 706 1404 imperatores,
749 1359 857 1403 quos
895 1342 1125 1397 habemus,
1166 1339 1326 1383 AEmilii
1366 1339 1497 1383 Probi

127 1447 217 1475 esse
243 1448 267 1475 a
295 1430 442 1476 multis
467 1431 718 1476 creduntur.
746 1432 836 1488 Qui
861 1446 983 1474 error
1008 1429 1108 1473 inde
1133 1429 1353 1490 provenit,
1381 1428 1498 1487 quod

128 1518 303 1563 librario
323 1520 365 1563 id
386 1519 515 1563 fuerit
529 1536 709 1576 nomen,
724 1520 799 1579 qui
814 1520 922 1562 vitas
936 1535 1006 1561 eas
1020 1552 1031 1573 ‚
1046 1518 1205 1577 partim
1221 1532 1318 1571 sua,
1339 1516 1498 1576 partim

128 1608 262 1667 patris
284 1616 326 1650 et
347 1609 496 1651 matris
516 1624 647 1650 manu
669 1608 870 1667 scriptas,
884 1605 1128 1650 Theodosio
1147 1602 1320 1647 obtulit.
1332 1605 1427 1646 Hoc
1441 1603 1501 1646 ita

127 1711 242 1751 esse,
270 1696 508 1740 ostendunt
532 1694 757 1751 versiculi,
783 1696 857 1755 qui
884 1695 982 1737 vitis
1007 1694 1099 1737 istis
1119 1692 1324 1753 praemitti
1338 1692 1382 1734 in
1400 1708 1500 1735 mss.

130 1783 280 1829 solent.
295 1786 357 1830 Ac
370 1801 450 1829 nec
466 1784 685 1829 AEmilium
698 1819 708 1841 ,
721 1800 799 1828 nec
816 1782 1105 1828 Theodosiani
1122 1782 1199 1825 aevi
1218 1797 1479 1841 quemquam
1490 1814 1501 1836 ‚

130 1889 282 1916 eorum
312 1890 403 1917 esse
435 1872 645 1916 librorum
677 1882 922 1927 auctorem,
949 1870 1122 1914 abunde
1152 1870 1297 1929 arguit
1323 1885 1433 1929 pura
1460 1878 1500 1912 et

132 1979 311 2006 romana
335 1962 481 2006 dictio.
508 1962 725 2023 Opinetur
753 1959 928 2020 aliquis,
961 1969 1009 2002 ut
1034 1961 1204 2018 Trogus
1231 1957 1285 2000 ab
1310 1957 1503 2013 Justino‚

133 2052 192 2094 ita
233 2051 286 2094 ab
326 2049 518 2107 AEmilio,
555 2051 629 2109 qui
662 2049 742 2092 sub
776 2047 1020 2092 Theodosio
1046 2047 1172 2102 vixit,
1213 2047 1258 2088 in
1296 2062 1502 2106 compen-

134 2138 253 2182 dium
284 2155 373 2182 esse
404 2138 629 2182 redactum
659 2139 888 2197 Nepotem.
923 2134 1007 2179 Sed
1035 2134 1153 2178 aliud
1181 2133 1333 2177 suadet
1363 2134 1505 2194 operis

135 2228 427 2283 concinnitas,
453 2236 496 2270 et
528 2225 600 2270 illa
631 2225 839 2287 praefandi
871 2225 1007 2281 ratio,
1036 2240 1131 2284 quae
1161 2232 1224 2267 est
1256 2223 1300 2266 in
1331 2223 1506 2282 Epami-

137 2315 291 2359 nondae
311 2316 418 2370 vita,
448 2331 496 2358 ac
522 2315 566 2357 in
586 2313 793 2374 Pelopida
811 2313 1033 2373 inprimis,
1054 2312 1128 2355 ubi
1148 2312 1402 2355 brevitatem
1418 2311 1508 2367 jus-

192 2491 202 2506 ¹
237 2487 280 2520 In
299 2484 431 2532 quibus
450 2490 527 2518 erat
545 2490 580 2517 et
593 2482 709 2517 Julius
728 2482 862 2524 Caesar,
875 2487 965 2516 teste
979 2481 1023 2515 G.
1043 2478 1268 2526 Pastregico‚
1285 2476 1509 2519 Veronensi,

139 2548 290 2582 homine
314 2544 568 2593 quartidecimi
587 2544 724 2587 saeculi,
746 2544 792 2576 de
816 2542 1026 2589 Orcg‘im'bus
1048 2554 1166 2575 rerum
1174 2567 1186 2583 ‚
1207 2553 1242 2587 p.
1261 2552 1303 2583 17
1326 2552 1334 2572 z
1355 2555 1369 2570 «
1386 2536 1509 2584 Scrip-

141 2609 185 2643 sit
204 2615 239 2643 et
257 2608 343 2642 Julii
366 2607 515 2642 Caesaris
533 2606 645 2639 vitam
669 2613 703 2639 et
725 2612 912 2651 tempora,
939 2604 1038 2649 cujus
1057 2602 1155 2638 fulsit
1177 2601 1414 2648 temporibus.
1442 2614 1456 2630 a
