<?xml version="1.0" encoding="UTF-8"?>
<!DOCTYPE html PUBLIC "-//W3C//DTD XHTML 1.0 Transitional//EN"
    "http://www.w3.org/TR/xhtml1/DTD/xhtml1-transitional.dtd">
<html xmlns="http://www.w3.org/1999/xhtml" xml:lang="en" lang="en">
 <head>
  <title>
</title>
<meta http-equiv="Content-Type" content="text/html;charset=utf-8" />
  <meta name='ocr-system' content='tesseract 3.04.00' />
  <meta name='ocr-capabilities' content='ocr_page ocr_carea ocr_par ocr_line ocrx_word'/>
</head>
<body>
  <div class='ocr_page' id='page_1' title='image "./operanepo00nepouoft_0231.png"; bbox 0 0 1859 3310; ppageno 0'>
   <div class='ocr_carea' id='block_1_1' title="bbox 648 283 1538 322">
    <p class='ocr_par' dir='ltr' id='par_1_1' title="bbox 648 283 1538 322">
     <span class='ocr_line' id='line_1_1' title="bbox 648 283 1538 322; baseline 0.006 -6"><span class='ocrx_word' id='word_1_1' title='bbox 648 283 1064 318; x_wconf 79' lang='lat' dir='ltr'>OBSERVATIONEs.</span> <span class='ocrx_word' id='word_1_2' title='bbox 1467 288 1538 322; x_wconf 70' lang='lat'>&#39;213</span> 
     </span>
    </p>
   </div>
   <div class='ocr_carea' id='block_1_2' title="bbox 177 363 1551 1203">
    <p class='ocr_par' dir='ltr' id='par_1_2' title="bbox 178 363 1549 716">
     <span class='ocr_line' id='line_1_2' title="bbox 232 363 1546 414; baseline 0.005 -17"><span class='ocrx_word' id='word_1_3' title='bbox 232 363 287 398; x_wconf 89' lang='lat' dir='ltr'>Ita</span> <span class='ocrx_word' id='word_1_4' title='bbox 306 363 480 411; x_wconf 90' lang='lat' dir='ltr'>loquens,</span> <span class='ocrx_word' id='word_1_5' title='bbox 501 364 653 399; x_wconf 89' lang='lat' dir='ltr'>dubium</span> <span class='ocrx_word' id='word_1_6' title='bbox 675 364 823 410; x_wconf 88' lang='lat' dir='ltr'>reliquit</span> <span class='ocrx_word' id='word_1_7' title='bbox 839 364 1015 399; x_wconf 88' lang='lat' dir='ltr'>lectorem</span> <span class='ocrx_word' id='word_1_8' title='bbox 1035 365 1081 400; x_wconf 91' lang='lat' dir='ltr'>de</span> <span class='ocrx_word' id='word_1_9' title='bbox 1102 364 1303 411; x_wconf 80' lang='lat' dir='ltr'>quaestione</span> <span class='ocrx_word' id='word_1_10' title='bbox 1325 366 1422 400; x_wconf 86' lang='lat' dir='ltr'>haud</span> <span class='ocrx_word' id='word_1_11' title='bbox 1442 370 1546 414; x_wconf 88' lang='lat' dir='ltr'>parvi</span> 
     </span>
     <span class='ocr_line' id='line_1_3' title="bbox 179 424 1547 475; baseline 0.003 -17"><span class='ocrx_word' id='word_1_12' title='bbox 179 425 378 469; x_wconf 83' lang='lat' dir='ltr'><strong>momenti,</strong></span> <span class='ocrx_word' id='word_1_13' title='bbox 393 438 481 460; x_wconf 91' lang='lat' dir='ltr'>num</span> <span class='ocrx_word' id='word_1_14' title='bbox 494 425 632 460; x_wconf 87' lang='lat' dir='ltr'>Atticus</span> <span class='ocrx_word' id='word_1_15' title='bbox 655 424 763 459; x_wconf 84' lang='lat' dir='ltr'>fuerit</span> <span class='ocrx_word' id='word_1_16' title='bbox 781 426 934 460; x_wconf 78' lang='lat' dir='ltr'><strong>Athenis</strong></span> <span class='ocrx_word' id='word_1_17' title='bbox 952 426 1028 472; x_wconf 88' lang='lat' dir='ltr'>jam</span> <span class='ocrx_word' id='word_1_18' title='bbox 1047 438 1092 460; x_wconf 90' lang='lat' dir='ltr'>eo</span> <span class='ocrx_word' id='word_1_19' title='bbox 1114 433 1297 473; x_wconf 87' lang='lat' dir='ltr'>tempore,</span> <span class='ocrx_word' id='word_1_20' title='bbox 1318 439 1391 473; x_wconf 90' lang='lat' dir='ltr'>quo</span> <span class='ocrx_word' id='word_1_21' title='bbox 1410 440 1429 460; x_wconf 91' lang='lat' dir='ltr'>a</span> <span class='ocrx_word' id='word_1_22' title='bbox 1449 430 1547 475; x_wconf 80' lang='lat' dir='ltr'>Sylla</span> 
     </span>
     <span class='ocr_line' id='line_1_4' title="bbox 180 485 1547 524; baseline 0.003 -4"><span class='ocrx_word' id='word_1_23' title='bbox 180 485 336 520; x_wconf 90' lang='lat' dir='ltr'>obsessae</span> <span class='ocrx_word' id='word_1_24' title='bbox 355 493 390 520; x_wconf 91' lang='lat' dir='ltr'>et</span> <span class='ocrx_word' id='word_1_25' title='bbox 410 486 458 520; x_wconf 90' lang='lat' dir='ltr'>ad</span> <span class='ocrx_word' id='word_1_26' title='bbox 481 485 632 520; x_wconf 85' lang='lat' dir='ltr'>exitium</span> <span class='ocrx_word' id='word_1_27' title='bbox 650 485 807 520; x_wconf 83' lang='lat' dir='ltr'>redactae</span> <span class='ocrx_word' id='word_1_28' title='bbox 831 486 926 521; x_wconf 80' lang='lat' dir='ltr'>sint?</span> <span class='ocrx_word' id='word_1_29' title='bbox 951 487 1110 521; x_wconf 88' lang='lat' dir='ltr'>Cinnani</span> <span class='ocrx_word' id='word_1_30' title='bbox 1130 487 1228 522; x_wconf 89' lang='lat' dir='ltr'>enim</span> <span class='ocrx_word' id='word_1_31' title='bbox 1249 488 1423 522; x_wconf 84' lang='lat' dir='ltr'>tumultus</span> <span class='ocrx_word' id='word_1_32' title='bbox 1442 489 1547 524; x_wconf 79' lang='lat' dir='ltr'>brevi</span> 
     </span>
     <span class='ocr_line' id='line_1_5' title="bbox 180 546 1548 596; baseline 0.004 -17"><span class='ocrx_word' id='word_1_33' title='bbox 180 553 263 592; x_wconf 87' lang='lat' dir='ltr'>post</span> <span class='ocrx_word' id='word_1_34' title='bbox 276 547 383 593; x_wconf 77' lang='lat' dir='ltr'>Syllae</span> <span class='ocrx_word' id='word_1_35' title='bbox 397 559 441 581; x_wconf 86' lang='lat' dir='ltr'>ex</span> <span class='ocrx_word' id='word_1_36' title='bbox 462 546 567 580; x_wconf 86' lang='lat' dir='ltr'>Italia</span> <span class='ocrx_word' id='word_1_37' title='bbox 591 546 789 581; x_wconf 85' lang='lat' dir='ltr'>discessum</span> <span class='ocrx_word' id='word_1_38' title='bbox 811 555 1033 582; x_wconf 81' lang='lat' dir='ltr'>exarserant.</span> <span class='ocrx_word' id='word_1_39' title='bbox 1054 549 1147 583; x_wconf 92' lang='lat' dir='ltr'>Tum</span> <span class='ocrx_word' id='word_1_40' title='bbox 1170 548 1294 595; x_wconf 87' lang='lat' dir='ltr'>utique</span> <span class='ocrx_word' id='word_1_41' title='bbox 1320 549 1456 595; x_wconf 86' lang='lat' dir='ltr'>gratia,</span> <span class='ocrx_word' id='word_1_42' title='bbox 1477 562 1548 596; x_wconf 88' lang='lat' dir='ltr'>qua</span> 
     </span>
     <span class='ocr_line' id='line_1_6' title="bbox 179 606 1549 656; baseline 0.003 -16"><span class='ocrx_word' id='word_1_43' title='bbox 179 607 317 641; x_wconf 85' lang='lat' dir='ltr'>Atticus</span> <span class='ocrx_word' id='word_1_44' title='bbox 335 607 481 641; x_wconf 85' lang='lat' dir='ltr'>valebat</span> <span class='ocrx_word' id='word_1_45' title='bbox 502 606 600 653; x_wconf 87' lang='lat' dir='ltr'>apud</span> <span class='ocrx_word' id='word_1_46' title='bbox 625 608 781 654; x_wconf 78' lang='lat' dir='ltr'>Syllam,</span> <span class='ocrx_word' id='word_1_47' title='bbox 795 608 992 655; x_wconf 89' lang='lat' dir='ltr'>plurimum</span> <span class='ocrx_word' id='word_1_48' title='bbox 1013 609 1188 656; x_wconf 83' lang='lat' dir='ltr'>prodesse</span> <span class='ocrx_word' id='word_1_49' title='bbox 1209 609 1386 656; x_wconf 90' lang='lat' dir='ltr'>potuisset</span> <span class='ocrx_word' id='word_1_50' title='bbox 1406 608 1549 645; x_wconf 87' lang='lat' dir='ltr'>afflictis</span> 
     </span>
     <span class='ocr_line' id='line_1_7' title="bbox 178 666 1386 716; baseline 0.003 -16"><span class='ocrx_word' id='word_1_51' title='bbox 178 666 480 711; x_wconf 76' lang='lat' dir='ltr'>Atheniensibu53</span> <span class='ocrx_word' id='word_1_52' title='bbox 499 674 534 702; x_wconf 87' lang='lat' dir='ltr'>et</span> <span class='ocrx_word' id='word_1_53' title='bbox 558 674 657 703; x_wconf 88' lang='lat' dir='ltr'>tanta</span> <span class='ocrx_word' id='word_1_54' title='bbox 676 680 733 703; x_wconf 88' lang='lat' dir='ltr'>res</span> <span class='ocrx_word' id='word_1_55' title='bbox 754 668 900 703; x_wconf 89' lang='lat' dir='ltr'>silentio</span> <span class='ocrx_word' id='word_1_56' title='bbox 920 670 1174 716; x_wconf 70' lang='lat' dir='ltr'>praetereunda</span> <span class='ocrx_word' id='word_1_57' title='bbox 1202 682 1280 704; x_wconf 90' lang='lat' dir='ltr'>non</span> <span class='ocrx_word' id='word_1_58' title='bbox 1300 677 1386 705; x_wconf 86' lang='lat' dir='ltr'>erat.</span> 
     </span>
    </p>

    <p class='ocr_par' dir='ltr' id='par_1_3' title="bbox 177 729 1551 1203">
     <span class='ocr_line' id='line_1_8' title="bbox 229 729 1548 778; baseline 0.003 -16"><span class='ocrx_word' id='word_1_59' title='bbox 229 729 426 763; x_wconf 83' lang='lat' dir='ltr'>Persuasus</span> <span class='ocrx_word' id='word_1_60' title='bbox 454 740 544 763; x_wconf 86' lang='lat' dir='ltr'>vero</span> <span class='ocrx_word' id='word_1_61' title='bbox 571 741 672 773; x_wconf 89' lang='lat' dir='ltr'>sum,</span> <span class='ocrx_word' id='word_1_62' title='bbox 697 729 772 775; x_wconf 87' lang='lat' dir='ltr'>ejus</span> <span class='ocrx_word' id='word_1_63' title='bbox 798 731 975 777; x_wconf 87' lang='lat' dir='ltr'>temporis</span> <span class='ocrx_word' id='word_1_64' title='bbox 999 731 1191 765; x_wconf 84' lang='lat' dir='ltr'>historiam</span> <span class='ocrx_word' id='word_1_65' title='bbox 1212 731 1461 778; x_wconf 90' lang='lat' dir='ltr'>perpendens,</span> <span class='ocrx_word' id='word_1_66' title='bbox 1481 733 1548 766; x_wconf 79' lang='lat' dir='ltr'>At-</span> 
     </span>
     <span class='ocr_line' id='line_1_9' title="bbox 178 788 1549 839; baseline 0.004 -17"><span class='ocrx_word' id='word_1_67' title='bbox 178 788 289 822; x_wconf 90' lang='lat' dir='ltr'>ticum</span> <span class='ocrx_word' id='word_1_68' title='bbox 321 801 398 823; x_wconf 91' lang='lat' dir='ltr'>non</span> <span class='ocrx_word' id='word_1_69' title='bbox 426 796 510 824; x_wconf 88' lang='lat' dir='ltr'>ante</span> <span class='ocrx_word' id='word_1_70' title='bbox 543 789 799 834; x_wconf 88' lang='lat' dir='ltr'>obsidionem,</span> <span class='ocrx_word' id='word_1_71' title='bbox 834 791 898 825; x_wconf 90' lang='lat' dir='ltr'>sed</span> <span class='ocrx_word' id='word_1_72' title='bbox 928 799 1013 839; x_wconf 87' lang='lat' dir='ltr'>post</span> <span class='ocrx_word' id='word_1_73' title='bbox 1041 792 1285 835; x_wconf 88' lang='lat' dir='ltr'>deditionem,</span> <span class='ocrx_word' id='word_1_74' title='bbox 1321 800 1355 827; x_wconf 91' lang='lat' dir='ltr'>et</span> <span class='ocrx_word' id='word_1_75' title='bbox 1390 792 1549 839; x_wconf 89' lang='lat' dir='ltr'>quietem</span> 
     </span>
     <span class='ocr_line' id='line_1_10' title="bbox 177 850 1550 899; baseline 0.001 -14"><span class='ocrx_word' id='word_1_76' title='bbox 177 850 332 885; x_wconf 89' lang='lat' dir='ltr'>Athenis</span> <span class='ocrx_word' id='word_1_77' title='bbox 351 851 573 895; x_wconf 81' lang='lat' dir='ltr'>restitutam,</span> <span class='ocrx_word' id='word_1_78' title='bbox 590 851 627 885; x_wconf 90' lang='lat' dir='ltr'>in</span> <span class='ocrx_word' id='word_1_79' title='bbox 647 852 742 886; x_wconf 85' lang='lat' dir='ltr'>hanc</span> <span class='ocrx_word' id='word_1_80' title='bbox 764 852 894 886; x_wconf 89' lang='lat' dir='ltr'>urbem</span> <span class='ocrx_word' id='word_1_81' title='bbox 911 852 1153 899; x_wconf 79' lang='lat' dir='ltr'>demigrasse,</span> <span class='ocrx_word' id='word_1_82' title='bbox 1173 865 1282 899; x_wconf 90' lang='lat' dir='ltr'>quum</span> <span class='ocrx_word' id='word_1_83' title='bbox 1302 853 1400 899; x_wconf 77' lang='lat' dir='ltr'>Sylla</span> <span class='ocrx_word' id='word_1_84' title='bbox 1418 853 1493 898; x_wconf 81' lang='lat' dir='ltr'>jam</span> <span class='ocrx_word' id='word_1_85' title='bbox 1511 853 1550 886; x_wconf 88' lang='lat' dir='ltr'>in</span> 
     </span>
     <span class='ocr_line' id='line_1_11' title="bbox 177 911 1550 960; baseline 0.001 -14"><span class='ocrx_word' id='word_1_86' title='bbox 177 911 265 946; x_wconf 85' lang='lat' dir='ltr'>Asia</span> <span class='ocrx_word' id='word_1_87' title='bbox 295 912 433 947; x_wconf 90' lang='lat' dir='ltr'>bellum</span> <span class='ocrx_word' id='word_1_88' title='bbox 456 919 599 959; x_wconf 83' lang='lat' dir='ltr'>gereret</span> <span class='ocrx_word' id='word_1_89' title='bbox 621 912 794 947; x_wconf 88' lang='lat' dir='ltr'>adversus</span> <span class='ocrx_word' id='word_1_90' title='bbox 815 913 1079 948; x_wconf 84' lang='lat' dir='ltr'>Mithridatem.</span> <span class='ocrx_word' id='word_1_91' title='bbox 1106 914 1134 947; x_wconf 90' lang='lat' dir='ltr'>E</span> <span class='ocrx_word' id='word_1_92' title='bbox 1153 913 1440 957; x_wconf 85' lang='lat' dir='ltr'>calamitatibus,</span> <span class='ocrx_word' id='word_1_93' title='bbox 1463 925 1550 960; x_wconf 90' lang='lat' dir='ltr'>quas</span> 
     </span>
     <span class='ocr_line' id='line_1_12' title="bbox 178 973 1551 1020; baseline -0.001 -12"><span class='ocrx_word' id='word_1_94' title='bbox 178 974 290 1020; x_wconf 86' lang='lat' dir='ltr'>paulo</span> <span class='ocrx_word' id='word_1_95' title='bbox 312 981 396 1008; x_wconf 88' lang='lat' dir='ltr'>ante</span> <span class='ocrx_word' id='word_1_96' title='bbox 416 974 616 1020; x_wconf 87' lang='lat' dir='ltr'>pertulerat</span> <span class='ocrx_word' id='word_1_97' title='bbox 634 974 863 1008; x_wconf 90' lang='lat' dir='ltr'>Athenarum</span> <span class='ocrx_word' id='word_1_98' title='bbox 885 974 993 1017; x_wconf 89' lang='lat' dir='ltr'>urbs,</span> <span class='ocrx_word' id='word_1_99' title='bbox 1018 973 1237 1019; x_wconf 90' lang='lat' dir='ltr'>explicanda</span> <span class='ocrx_word' id='word_1_100' title='bbox 1258 980 1340 1008; x_wconf 88' lang='lat' dir='ltr'>sunt</span> <span class='ocrx_word' id='word_1_101' title='bbox 1369 973 1433 1008; x_wconf 89' lang='lat' dir='ltr'>illa</span> <span class='ocrx_word' id='word_1_102' title='bbox 1457 974 1551 1008; x_wconf 89' lang='lat' dir='ltr'>Cor-</span> 
     </span>
     <span class='ocr_line' id='line_1_13' title="bbox 179 1033 1550 1081; baseline 0 -14"><span class='ocrx_word' id='word_1_103' title='bbox 179 1034 268 1068; x_wconf 87' lang='lat' dir='ltr'>nelii</span> <span class='ocrx_word' id='word_1_104' title='bbox 287 1034 418 1078; x_wconf 87' lang='lat' dir='ltr'>verba,</span> <span class='ocrx_word' id='word_1_105' title='bbox 436 1033 547 1068; x_wconf 88' lang='lat' dir='ltr'>Attic.</span> <span class='ocrx_word' id='word_1_106' title='bbox 571 1046 602 1068; x_wconf 95' lang='lat'>11</span> <span class='ocrx_word' id='word_1_107' title='bbox 616 1060 626 1077; x_wconf 94' lang='lat'>,</span> <span class='ocrx_word' id='word_1_108' title='bbox 647 1038 666 1075; x_wconf 75' lang='grc'>4</span> <span class='ocrx_word' id='word_1_109' title='bbox 684 1047 692 1068; x_wconf 90' lang='lat'>:</span> <span class='ocrx_word' id='word_1_110' title='bbox 714 1050 728 1065; x_wconf 70' lang='grc' dir='ltr'>κ</span> <span class='ocrx_word' id='word_1_111' title='bbox 742 1033 880 1080; x_wconf 88' lang='lat' dir='ltr'>Saepius</span> <span class='ocrx_word' id='word_1_112' title='bbox 899 1034 972 1068; x_wconf 88' lang='lat' dir='ltr'>suis</span> <span class='ocrx_word' id='word_1_113' title='bbox 996 1034 1129 1081; x_wconf 89' lang='lat' dir='ltr'>opibus</span> <span class='ocrx_word' id='word_1_114' title='bbox 1147 1033 1315 1081; x_wconf 87' lang='lat' dir='ltr'>inopiam</span> <span class='ocrx_word' id='word_1_115' title='bbox 1335 1046 1461 1068; x_wconf 89' lang='lat' dir='ltr'>eorum</span> <span class='ocrx_word' id='word_1_116' title='bbox 1479 1047 1550 1081; x_wconf 91' lang='lat' dir='ltr'>pu-</span> 
     </span>
     <span class='ocr_line' id='line_1_14' title="bbox 179 1093 1550 1142; baseline 0 -13"><span class='ocrx_word' id='word_1_117' title='bbox 179 1094 314 1130; x_wconf 83' lang='lat' dir='ltr'>blicam</span> <span class='ocrx_word' id='word_1_118' title='bbox 342 1095 495 1138; x_wconf 88' lang='lat' dir='ltr'>levavit;</span> <span class='ocrx_word' id='word_1_119' title='bbox 511 1110 525 1125; x_wconf 85' lang='lat'>»</span> <span class='ocrx_word' id='word_1_120' title='bbox 551 1093 719 1129; x_wconf 84' lang='lat' dir='ltr'>similiter</span> <span class='ocrx_word' id='word_1_121' title='bbox 745 1102 780 1129; x_wconf 91' lang='lat' dir='ltr'>et</span> <span class='ocrx_word' id='word_1_122' title='bbox 799 1094 869 1129; x_wconf 87' lang='lat' dir='ltr'>alia</span> <span class='ocrx_word' id='word_1_123' title='bbox 893 1093 1090 1139; x_wconf 84' lang='lat' dir='ltr'>beneficia,</span> <span class='ocrx_word' id='word_1_124' title='bbox 1116 1107 1194 1141; x_wconf 89' lang='lat' dir='ltr'>quae</span> <span class='ocrx_word' id='word_1_125' title='bbox 1218 1095 1360 1130; x_wconf 83' lang='lat' dir='ltr'>Atticus</span> <span class='ocrx_word' id='word_1_126' title='bbox 1386 1095 1550 1142; x_wconf 80' lang='lat' dir='ltr'>privatus</span> 
     </span>
     <span class='ocr_line' id='line_1_15' title="bbox 179 1154 960 1203; baseline 0.001 -13"><span class='ocrx_word' id='word_1_127' title='bbox 179 1156 219 1191; x_wconf 88' lang='lat' dir='ltr'>in</span> <span class='ocrx_word' id='word_1_128' title='bbox 243 1156 428 1192; x_wconf 88' lang='lat' dir='ltr'>civitatem</span> <span class='ocrx_word' id='word_1_129' title='bbox 449 1154 621 1191; x_wconf 88' lang='lat' dir='ltr'>afflictam</span> <span class='ocrx_word' id='word_1_130' title='bbox 641 1155 810 1191; x_wconf 88' lang='lat' dir='ltr'>conferre</span> <span class='ocrx_word' id='word_1_131' title='bbox 829 1155 960 1203; x_wconf 89' lang='lat' dir='ltr'>potuit.</span> 
     </span>
    </p>
   </div>
  </div>
 </body>
</html>
