1859 3310
296 215 369 238 212
647 199 859 236 JOANNIS
888 199 1036 234 HENR.
1067 197 1321 234 SCHLEGEL

291 284 590 332 Tissaphernem.
609 283 669 318 Ait
694 283 730 318 in
755 283 830 319 vita
858 283 1043 327 Cononis,
1065 282 1276 330 Agesilaum
1295 280 1334 314 in
1357 279 1479 314 Asiam
1500 280 1664 322 venisse,

292 347 497 393 impulsum
515 358 535 379 a
554 345 811 392 Tissapherne.
831 345 920 388 Quae
939 345 1050 392 igitur
1065 345 1143 379 laus
1162 342 1338 390 Agesilai,
1357 347 1392 375 et
1410 340 1500 387 quid
1518 340 1668 385 mirum,

295 408 326 443 si
338 407 605 455 Tissaphernes
619 419 656 441 se
670 405 769 440 vinci
783 418 908 452 passus
923 405 998 440 est?
1015 406 1214 452 Exponere
1228 403 1394 438 conabor
1406 414 1484 436 rem
1498 414 1646 436 omnem
1658 415 1669 446 3

295 476 372 503 tum
397 468 547 515 quidem
567 467 790 502 dissolvetur
810 466 1089 513 quodammodo
1114 464 1360 501 contradictio
1383 475 1581 510 apparen5‚
1606 462 1671 498 sed

292 529 452 576 scriptor
474 540 551 563 non
575 527 730 562 omnino
756 526 915 573 quadam
938 526 1172 574 negligentiae
1196 526 1303 573 culpa
1328 524 1557 560 liberabitur.

345 590 427 625 Fuit
469 587 738 635 Tissapherne&
766 599 899 633 magna
924 585 998 622 fide
1030 587 1070 621 in
1101 586 1255 621 Darium
1282 586 1446 621 Nothum
1473 592 1508 620 et
1532 585 1571 620 in
1597 584 1673 631 ejus

293 650 409 686 filium
438 652 679 684 Artaxerxem
701 649 925 691 Mnemona3
945 648 1012 682 sub
1038 660 1166 683 eorum
1192 647 1350 695 imperio
1373 659 1440 694 per
1465 647 1674 693 complures

294 723 410 747 annos
432 721 605 757 magnam
628 709 718 744 Asiae
740 716 884 755 partem
905 708 1193 752 administravit,
1222 714 1257 743 et
1282 708 1448 754 prudens
1471 707 1676 755 perspexit,

298 785 376 808 non
395 784 472 807 esse
491 771 588 818 regis
607 770 760 814 Persiae,
781 782 825 805 eo
851 782 964 817 usque
993 770 1168 816 adjuvare
1192 768 1512 812 Lacedaemonios,
1534 775 1572 803 ut
1594 769 1676 803 uni-

295 845 439 868 versam
461 831 641 867 Graeciam
667 831 705 866 in
730 844 794 866 sua
818 837 1001 878 potestate
1028 836 1209 866 tenerent.
1237 829 1311 865 Sed
1338 841 1470 864 exosus
1489 835 1567 863 erat
1589 830 1675 864 Tis-

295 894 496 942 saphernes
516 893 612 940 Cyro
628 891 785 938 juniori,
810 892 959 939 ejusque
979 898 1014 927 et
1033 890 1248 926 Artaxerxis
1270 889 1398 934 matri,
1418 890 1600 925 sceleratae
1618 890 1679 925 isti

294 955 479 1003 Parysati3
494 954 662 989 aemulum
685 954 795 988 etiam
813 953 977 988 habebat
998 952 1296 995 Pharnabazum,
1311 951 1545 998 Hellesponti
1563 958 1679 986 satra-

296 1029 381 1065 pen.
403 1014 638 1063 Tempestive
664 1021 860 1050 monuerat
881 1016 1148 1057 Artaxerxem,
1169 1025 1298 1048 cavere
1322 1012 1394 1047 sibi
1413 1025 1433 1046 a
1456 1012 1541 1060 Cyri
1558 1012 1680 1047 fratris

298 1077 479 1121 consiliis,
506 1083 542 1111 et
573 1088 686 1123 opera
712 1075 788 1122 ejus
813 1075 853 1110 in
884 1076 1012 1122 praelio
1040 1075 1088 1110 ad
1111 1075 1264 1110 Cunaxa
1285 1085 1420 1121 magna
1446 1073 1513 1108 fuit
1535 1073 1583 1108 ad
1608 1076 1680 1108 Ar-

301 1138 463 1175 taxerxis
483 1139 649 1173 salutem.
670 1137 784 1172 Recte
803 1137 927 1184 itaque
949 1136 1039 1172 dicit
1060 1136 1254 1172 Cornelius
1274 1149 1282 1170 :
1304 1153 1319 1167 «
1340 1135 1595 1171 Reminiscens
1613 1138 1683 1170 Ar-

301 1208 487 1243 taxerxes,
501 1199 759 1246 Tissaphernis
783 1211 820 1233 se
840 1211 955 1246 opera
977 1198 1112 1246 Cyrum
1137 1197 1289 1232 fratrem
1310 1209 1509 1245 superasse.
1526 1214 1540 1228 »
1560 1198 1682 1241 Quum

301 1261 408 1296 brevi
439 1268 608 1307 tempore
645 1267 731 1307 post
760 1260 927 1306 praelium
958 1259 1006 1295 ad
1035 1260 1185 1295 Cunaxa
1212 1258 1501 1303 Lacedaemonii,
1524 1258 1684 1306 Agesilai

303 1321 484 1364 consilio,
503 1321 642 1355 bellum
667 1320 849 1355 inferrent
874 1320 1015 1363 Persis,
1039 1332 1117 1354 non
1142 1326 1290 1367 poterat
1317 1332 1396 1355 non
1421 1319 1583 1355 infensus
1608 1332 1686 1355 esse

302 1381 611 1425 Lacedaemoniis,
644 1381 708 1428 qui
737 1388 813 1415 tam
839 1379 955 1416 fidum
977 1393 1015 1416 se
1036 1380 1254 1428 praestiterat
1277 1381 1366 1428 regi.
1392 1381 1542 1416 Restitit
1563 1381 1687 1429 itaque

304 1445 372 1480 sub
397 1443 544 1478 initium
564 1443 674 1487 belli,
700 1450 877 1490 quantum
900 1443 1038 1490 potuit,
1059 1443 1228 1490 Agesilao
1246 1442 1284 1477 in
1303 1443 1391 1478 Asia
1410 1443 1600 1491 grassanti.
1615 1443 1689 1479 Sed

307 1518 420 1552 quum
445 1517 523 1540 non
547 1517 591 1540 ex
613 1504 798 1540 sententia
822 1511 1038 1551 gererentur
1059 1516 1117 1539 res
1139 1505 1351 1548 Persarum,
1373 1505 1587 1551 Par-ysatis,
1609 1517 1688 1552 quae

308 1566 616 1614 Tissaphernem,
639 1572 678 1601 ut
709 1566 874 1613 reliquos
901 1578 1030 1601 omnes
1059 1565 1123 1613 qui
1145 1569 1387 1601 Artaxerxem
1415 1566 1590 1602 adversus
1614 1566 1689 1615 Cy-

306 1641 389 1663 rum
414 1628 653 1674 adjuverant,
672 1626 829 1663 infinitis
851 1628 1143 1676 persequebatur
1162 1627 1258 1662 odiis
1277 1634 1313 1663 et
1335 1628 1542 1667 calumniis.
1561 1628 1691 1676 prodi-

308 1690 420 1725 tionis
444 1702 527 1725 eum
548 1689 741 1725 accusavit.
766 1691 845 1725 Hac
866 1690 1100 1726 accusatione
1124 1690 1172 1725 ad
1195 1689 1493 1738 desperationem
1512 1691 1690 1727 adductus

307 1751 589 1797 Tissaphernes,
608 1751 770 1786 irritatus
792 1751 974 1799 Parysatis
992 1759 1027 1787 et
1045 1751 1278 1787 Pharnabazi
1296 1752 1487 1787 calumniis
1507 1758 1540 1787 et
1566 1752 1691 1797 minis,

308 1811 422 1847 factus
448 1812 600 1848 tandem
635 1820 689 1848 est
722 1813 911 1860 proditor,
937 1813 1147 1861 Agesilaum
1179 1813 1306 1848 Asiam
1335 1813 1588 1849 devastantem
1613 1825 1692 1849 non

309 1873 527 1921 impedivit,
555 1874 711 1910 fortasse
740 1875 851 1909 etiam
872 1875 1028 1910 consilia
1053 1887 1135 1910 cum
1157 1887 1202 1910 eo
1225 1875 1454 1911 clandestina
1479 1875 1574 1911 iniit.
1599 1875 1692 1911 Inde

309 1947 377 1982 per
399 1935 594 1971 Cononem
619 1935 718 1983 apud
739 1948 865 1984 regem
888 1943 1094 1980 accusatus,
1114 1936 1216 1983 jussu
1239 1936 1402 1983 ejusdem
1415 1949 1482 1984 per
1500 1937 1693 1972 Tithraus-

311 2002 386 2031 tem
405 2003 554 2032 necatus
580 2003 645 2032 est.
672 1998 724 2031 Ea
752 1996 791 2031 in
817 1997 886 2032 hac
907 1997 1143 2042 narratione,
1166 2010 1246 2045 quae
1274 1998 1323 2033 ad
1346 1998 1632 2045 Tissaphernem
1658 2004 1695 2033 et

311 2057 501 2104 Parysatin
514 2058 718 2104 pertinent,
732 2059 888 2105 amplius
903 2059 1070 2106 exposita
1093 2066 1177 2094 sunt
1198 2072 1217 2094 a
1231 2059 1432 2106 perillustri
1449 2060 1691 2108 Guldbergtb,

313 2118 452 2152 Histor.
473 2119 514 2152 T.
539 2131 592 2160 11,
617 2132 654 2166 p.
684 2131 773 2163 127,
799 2120 889 2163 143,
917 2127 1158 2167 veterumque
1178 2121 1458 2156 auctoritatibus
1477 2122 1629 2157 munita.

366 2180 414 2213 X.
445 2179 581 2214 Notatu
600 2179 712 2226 digna
740 2187 793 2215 est
821 2180 1055 2215 Athenarum
1077 2193 1144 2228 per
1167 2183 1207 2216 L.
1229 2181 1443 2217 Cornelium
1463 2183 1602 2230 Syllam
1629 2196 1694 2218 ex-

315 2240 495 2286 pugnatio
522 2240 561 2274 in
586 2240 688 2275 bello
719 2241 982 2277 mithridatico.
1015 2243 1100 2277 Non
1129 2242 1249 2289 attigit
1275 2256 1354 2277 eam
1386 2244 1602 2289 Cornelius,
1627 2257 1695 2280 nec

314 2312 461 2336 necesse
489 2313 556 2347 per
587 2313 624 2335 se
655 2308 749 2345 erat,
774 2314 885 2348 quum
912 2302 1025 2338 vitam
1054 2304 1255 2351 Pomponii
1278 2305 1403 2349 Attici,
1426 2318 1504 2340 non
1535 2318 1593 2341 res
1619 2306 1694 2352 ejus

315 2362 494 2409 temporis
518 2374 690 2397 romanas
709 2371 1000 2410 persequeretur.
1016 2365 1116 2400 Dicit
1138 2372 1280 2400 tantum
1293 2393 1302 2410 ,
1315 2368 1420 2401 Λαίς.
1437 2379 1471 2401 11
1482 2394 1492 2411 ‚
1513 2379 1533 2402 2
1550 2380 1557 2401 :
1573 2384 1587 2398 τι
1600 2369 1692 2402 Pos-

316 2429 486 2469 teaquam
509 2422 603 2458 vidit
630 2423 786 2468 Atticus,
809 2424 979 2460 Cinnano
1005 2426 1164 2460 tumultu
1188 2427 1373 2462 civitatem
1397 2440 1473 2463 esse
1494 2429 1693 2476 perturba-

317 2490 390 2518 tam
396 2512 466 2518 ......
472 2512 481 2528 ,
508 2484 685 2519 idoneum
715 2492 859 2533 tempus
880 2494 979 2522 ratus
1006 2487 1136 2523 studiis
1165 2489 1395 2536 obsequendi
1420 2490 1510 2534 suis,
1534 2490 1693 2525 Athenas

319 2557 356 2579 se
375 2546 540 2580 contulit.
554 2562 568 2576 »
580 2547 764 2582 Memorat
778 2555 922 2594 postea,
934 2561 964 2583 c.
980 2562 1036 2594 lv,
1058 2563 1072 2585 1
1086 2577 1096 2594 ,
1115 2551 1252 2598 Syllam
1266 2578 1275 2594 ,
1290 2551 1352 2597 qui
1372 2552 1532 2587 Athenas
1551 2552 1694 2587 venerit

319 2618 362 2640 ex
392 2607 472 2642 Asia
494 2607 684 2642 recedens.
