1859 3310
337 202 384 238 28
692 207 924 243 CORNELII
951 209 1155 245 NEPOTIS
1188 209 1357 245 CIMON.

336 303 467 347 quam
492 288 695 350 expulsus
719 300 831 346 erat,
849 292 894 334 in
919 293 1105 352 patriam
1128 302 1357 336 revocatus
1373 302 1448 336 est.
1468 292 1570 347 Ille,
1592 293 1710 353 quod

336 368 528 428 hospitio
552 369 986 414 Lacedaemoniorum
1018 373 1245 428 utebatur,
1277 373 1410 415 satius
1440 372 1711 425 existimans,

338 448 604 492 contendere
626 449 1004 506 Lacedaemonem,
1022 468 1099 495 sua
1117 462 1273 512 sponte
1296 462 1359 496 est
1383 452 1620 512 profectuS,
1641 468 1713 512 pa-

338 545 519 588 cemque
555 529 670 572 inter
704 528 812 572 duas
848 530 1169 589 potentissimas
1211 531 1411 575 civitates
1445 531 1710 576 conciliavit.

322 610 441 651 ‚Post
473 624 613 667 neque
644 607 704 651 ita
737 607 904 663 multo,
934 610 1129 669 Cyprum
1165 627 1266 655 cum
1298 611 1496 655 ducentis
1526 611 1713 655 navibus

339 688 577 746 imperator
595 687 769 742 missus,
788 704 925 748 quum
944 689 1036 748 ejus
1049 690 1258 750 majorem
1280 701 1448 750 partem
1470 690 1620 735 insulae
1638 690 1713 735 de·

336 767 528 823 vicisset,
552 767 596 810 in
622 767 823 811 morbum
844 767 1100 828 implicitus,
1126 771 1170 812 in
1195 769 1356 830 oppido
1375 770 1492 814 Citio
1512 779 1575 814 est
1595 787 1713 814 mor-

337 856 451 890 tuus.

399 930 475 972 lV.
494 931 622 973 Hunc
643 930 932 974 Athenienses
953 946 1043 974 non
1065 930 1207 974 solum
1224 931 1268 974 in
1288 929 1427 987 bello,
1444 931 1519 975 sed
1539 932 1583 974 in
1608 947 1715 991 pace

336 1007 410 1050 diu
437 1007 805 1054 desideraverunt.
834 1011 936 1054 Fuit
970 1011 1087 1054 enim
1117 1021 1238 1055 tanta
1272 1009 1552 1067 liberalitate,
1580 1027 1714 1071 quum

338 1088 636 1149 compluribus
650 1089 753 1134 locis
772 1090 932 1151 praedia
946 1091 1184 1152 hortosque
1203 1091 1406 1147 haberet,
1425 1101 1474 1135 ut
1488 1107 1715 1151 nunquam

337 1169 381 1211 in
408 1170 467 1212 eis
502 1170 729 1214 custodem
764 1171 1022 1231 imposuerit
1054 1171 1222 1215 fructus
1252 1171 1455 1215 servandi
1479 1171 1636 1232 gratia,
1663 1187 1717 1213 ne

338 1249 434 1308 quis
458 1249 762 1309 impediretur,
783 1268 872 1311 quo
892 1252 1037 1296 minus
1061 1252 1154 1312 ejus
1182 1252 1330 1308 rebus,
1355 1251 1514 1312 quibus
1534 1251 1718 1311 quisque

337 1328 487 1381 vellet,
524 1329 756 1374 frueretur.
794 1332 973 1392 Semper
1009 1348 1108 1375 eum
1138 1332 1364 1393 pedisequi
1397 1348 1497 1375 cum
1525 1331 1717 1375 nummis

342 1419 441 1452 sunt
455 1410 614 1465 secuti,
636 1420 704 1466 ut,
726 1411 760 1453 si
775 1411 872 1471 quis
896 1412 989 1472 opis
1005 1412 1097 1472 ejus
1118 1412 1356 1472 indigeret,
1381 1411 1578 1467 haberet,
1600 1411 1717 1471 quod

337 1490 483 1532 statim
499 1489 636 1546 daret,
651 1508 705 1534 ne
727 1490 971 1535 differendo
991 1491 1213 1535 videretur
1227 1508 1401 1553 negare.
1422 1492 1542 1551 Saepe
1554 1525 1565 1547 ,
1581 1507 1716 1550 quum

335 1568 524 1630 aliquem
548 1570 763 1615 offensum
790 1571 967 1615 fortuna
991 1571 1160 1616 videret
1186 1573 1332 1616 minus
1353 1572 1465 1615 bene
1488 1571 1717 1626 vestitum,

335 1666 462 1693 suum
486 1650 724 1694 amiculum
745 1651 878 1695 dedit.
905 1651 1117 1708 Quotidie
1137 1652 1198 1695 sic
1227 1668 1350 1695 coena
1373 1652 1412 1695 ei
1433 1651 1717 1711 coquebatur,

334 1740 403 1786 ut,
434 1747 542 1790 quos
576 1731 802 1776 invocatos
833 1732 1009 1776 vidisset
1035 1733 1080 1776 in
1113 1732 1228 1788 foro,
1260 1749 1413 1775 omnes
1437 1741 1718 1786 convocaret3

334 1810 453 1870 quod
473 1810 614 1854 facere
628 1810 800 1854 nullum
815 1812 931 1855 diem
947 1812 1322 1872 praetermittebat.
1340 1810 1465 1857 Nulli
1486 1811 1592 1855 fides
1610 1811 1718 1871 eju8,

333 1887 447 1932 nulli
468 1906 621 1950 opera,
643 1889 753 1934 nulli
776 1907 845 1935 res
871 1891 1097 1936 familiaris
1118 1891 1268 1935 defuit.
1290 1891 1455 1935 Multos
1476 1889 1718 1952 locupleta-

335 1970 418 2021 vit;
443 1968 690 2030 complures
710 1987 923 2033 pauperes
943 1981 1140 2016 mortuos
1153 2007 1164 2029 ,
1189 1972 1285 2032 qui,
1305 1971 1422 2015 unde
1442 1971 1717 2027 efferrentur,

335 2064 424 2091 non
461 2047 759 2109 reliquissent,
795 2067 874 2094 suo
910 2062 1089 2112 sumptu
1125 2050 1294 2095 extulit.
1326 2051 1397 2094 Sic
1428 2067 1472 2094 se
1498 2050 1716 2111 gerendo,

335 2129 517 2171 minime
542 2140 606 2173 est
625 2130 896 2188 mirandum,
914 2132 949 2175 si
966 2142 1009 2176 et
1028 2133 1117 2175 vita
1138 2132 1231 2192 ejus
1251 2130 1333 2175 fuit
1350 2147 1522 2187 secura,
1538 2140 1581 2174 et
1601 2147 1719 2174 mors

335 2208 505 2252 acerba.
