<?xml version="1.0" encoding="UTF-8"?>
<!DOCTYPE html PUBLIC "-//W3C//DTD XHTML 1.0 Transitional//EN"
    "http://www.w3.org/TR/xhtml1/DTD/xhtml1-transitional.dtd">
<html xmlns="http://www.w3.org/1999/xhtml" xml:lang="en" lang="en">
 <head>
  <title>
</title>
<meta http-equiv="Content-Type" content="text/html;charset=utf-8" />
  <meta name='ocr-system' content='tesseract 3.04.00' />
  <meta name='ocr-capabilities' content='ocr_page ocr_carea ocr_par ocr_line ocrx_word'/>
</head>
<body>
  <div class='ocr_page' id='page_1' title='image "./operanepo00nepouoft_0248.png"; bbox 0 0 1859 3310; ppageno 0'>
   <div class='ocr_carea' id='block_1_1' title="bbox 296 241 1059 281">
    <p class='ocr_par' dir='ltr' id='par_1_1' title="bbox 296 241 1059 281">
     <span class='ocr_line' id='line_1_1' title="bbox 296 241 1059 281; baseline 0.007 -5"><span class='ocrx_word' id='word_1_1' title='bbox 296 241 366 276; x_wconf 76' lang='lat'><strong>930</strong></span> <span class='ocrx_word' id='word_1_2' title='bbox 899 246 1059 281; x_wconf 73' lang='lat' dir='ltr'><strong>NOTAE</strong></span> 
     </span>
    </p>
   </div>
   <div class='ocr_carea' id='block_1_2' title="bbox 291 322 1663 685">
    <p class='ocr_par' dir='ltr' id='par_1_2' title="bbox 291 322 1661 435">
     <span class='ocr_line' id='line_1_2' title="bbox 291 322 1661 377; baseline 0.007 -21"><span class='ocrx_word' id='word_1_3' title='bbox 291 322 494 369; x_wconf 81' lang='lat' dir='ltr'><strong>I’roefectus</strong></span> <span class='ocrx_word' id='word_1_4' title='bbox 525 338 614 360; x_wconf 80' lang='lat' dir='ltr'><strong>vero</strong></span> <span class='ocrx_word' id='word_1_5' title='bbox 641 328 831 361; x_wconf 80' lang='lat' dir='ltr'><strong>custodum</strong></span> <span class='ocrx_word' id='word_1_6' title='bbox 861 328 956 362; x_wconf 86' lang='lat' dir='ltr'><strong>infra</strong></span> <span class='ocrx_word' id='word_1_7' title='bbox 983 329 1237 364; x_wconf 56' lang='lat' dir='ltr'><strong>Onomarchus</strong></span> <span class='ocrx_word' id='word_1_8' title='bbox 1256 330 1399 365; x_wconf 86' lang='lat' dir='ltr'><strong>dicitur.</strong></span> <span class='ocrx_word' id='word_1_9' title='bbox 1434 331 1480 365; x_wconf 88' lang='lat' dir='ltr'><strong>lis</strong></span> <span class='ocrx_word' id='word_1_10' title='bbox 1510 342 1661 377; x_wconf 83' lang='lat' dir='ltr'><strong>nempe,</strong></span> 
     </span>
     <span class='ocr_line' id='line_1_3' title="bbox 291 383 1021 435; baseline 0.008 -17"><span class='ocrx_word' id='word_1_11' title='bbox 291 383 354 430; x_wconf 89' lang='lat' dir='ltr'><strong>qui</strong></span> <span class='ocrx_word' id='word_1_12' title='bbox 372 385 536 432; x_wconf 88' lang='lat' dir='ltr'><strong>captivos</strong></span> <span class='ocrx_word' id='word_1_13' title='bbox 556 387 831 431; x_wconf 84' lang='lat' dir='ltr'>custodiebant,</span> <span class='ocrx_word' id='word_1_14' title='bbox 855 396 1021 435; x_wconf 84' lang='lat' dir='ltr'><strong>praeerat.</strong></span> 
     </span>
    </p>

    <p class='ocr_par' dir='ltr' id='par_1_3' title="bbox 293 445 1663 614">
     <span class='ocr_line' id='line_1_4' title="bbox 344 445 1661 501; baseline 0.005 -21"><span class='ocrx_word' id='word_1_15' title='bbox 344 445 427 480; x_wconf 56' lang='lat' dir='ltr'><strong>Cu».</strong></span> <span class='ocrx_word' id='word_1_16' title='bbox 454 447 540 482; x_wconf 88' lang='lat' dir='ltr'><strong>XII.</strong></span> <span class='ocrx_word' id='word_1_17' title='bbox 569 449 740 495; x_wconf 81' lang='lat' dir='ltr'><strong>Plerique</strong></span> <span class='ocrx_word' id='word_1_18' title='bbox 768 461 903 484; x_wconf 83' lang='lat' dir='ltr'><strong>omnes.</strong></span> <span class='ocrx_word' id='word_1_19' title='bbox 934 451 1018 485; x_wconf 87' lang='lat' dir='ltr'><strong>Non</strong></span> <span class='ocrx_word' id='word_1_20' title='bbox 1047 463 1175 488; x_wconf 89' lang='lat' dir='ltr'><strong>omnes</strong></span> <span class='ocrx_word' id='word_1_21' title='bbox 1201 465 1320 501; x_wconf 83' lang='lat' dir='ltr'><strong>ergo:</strong></span> <span class='ocrx_word' id='word_1_22' title='bbox 1346 466 1432 488; x_wconf 83' lang='lat' dir='ltr'><strong>nam</strong></span> <span class='ocrx_word' id='word_1_23' title='bbox 1458 454 1661 488; x_wconf 82' lang='lat' dir='ltr'>Eumenem</span> 
     </span>
     <span class='ocr_line' id='line_1_5' title="bbox 293 510 1663 563; baseline 0.007 -22"><span class='ocrx_word' id='word_1_24' title='bbox 293 515 474 542; x_wconf 86' lang='lat' dir='ltr'><strong>servatum</strong></span> <span class='ocrx_word' id='word_1_25' title='bbox 493 510 691 555; x_wconf 91' lang='lat' dir='ltr'><strong>cupiebant</strong></span> <span class='ocrx_word' id='word_1_26' title='bbox 710 511 896 545; x_wconf 84' lang='lat' dir='ltr'><strong>Nearchus</strong></span> <span class='ocrx_word' id='word_1_27' title='bbox 922 518 957 546; x_wconf 91' lang='lat' dir='ltr'><strong>et</strong></span> <span class='ocrx_word' id='word_1_28' title='bbox 977 514 1202 559; x_wconf 88' lang='lat' dir='ltr'><strong>Demetrius,</strong></span> <span class='ocrx_word' id='word_1_29' title='bbox 1222 515 1335 562; x_wconf 86' lang='lat' dir='ltr'><strong>ipsius</strong></span> <span class='ocrx_word' id='word_1_30' title='bbox 1354 515 1532 563; x_wconf 80' lang='lat' dir='ltr'>Antigoni</span> <span class='ocrx_word' id='word_1_31' title='bbox 1550 514 1663 558; x_wconf 86' lang='lat' dir='ltr'><strong>filius,</strong></span> 
     </span>
     <span class='ocr_line' id='line_1_6' title="bbox 293 570 753 614; baseline 0.009 -12"><span class='ocrx_word' id='word_1_32' title='bbox 293 574 383 603; x_wconf 86' lang='lat' dir='ltr'><strong>teste</strong></span> <span class='ocrx_word' id='word_1_33' title='bbox 400 570 616 614; x_wconf 84' lang='lat' dir='ltr'>Plutarcho,</span> <span class='ocrx_word' id='word_1_34' title='bbox 637 583 753 607; x_wconf 88' lang='lat' dir='ltr'>xv111.</span> 
     </span>
    </p>

    <p class='ocr_par' dir='ltr' id='par_1_4' title="bbox 344 630 1662 685">
     <span class='ocr_line' id='line_1_7' title="bbox 344 630 1662 685; baseline 0.006 -22"><span class='ocrx_word' id='word_1_35' title='bbox 344 630 536 665; x_wconf 74' lang='lat' dir='ltr'><strong>Maximos</strong></span> <span class='ocrx_word' id='word_1_36' title='bbox 543 632 662 667; x_wconf 80' lang='lat' dir='ltr'><strong>duces.</strong></span> <span class='ocrx_word' id='word_1_37' title='bbox 674 635 865 670; x_wconf 85' lang='lat' dir='ltr'><strong>Craterum</strong></span> <span class='ocrx_word' id='word_1_38' title='bbox 873 636 1011 671; x_wconf 88' lang='lat' dir='ltr'><strong>scilicet</strong></span> <span class='ocrx_word' id='word_1_39' title='bbox 1020 643 1054 671; x_wconf 92' lang='lat' dir='ltr'><strong>et</strong></span> <span class='ocrx_word' id='word_1_40' title='bbox 1062 637 1359 684; x_wconf 83' lang='lat' dir='ltr'><strong>Neoptolemum.</strong></span> <span class='ocrx_word' id='word_1_41' title='bbox 1376 640 1410 671; x_wconf 88' lang='lat' dir='ltr'><em>V</em></span> <span class='ocrx_word' id='word_1_42' title='bbox 1409 639 1469 673; x_wconf 86' lang='lat' dir='ltr'><strong>ide</strong></span> <span class='ocrx_word' id='word_1_43' title='bbox 1476 650 1598 685; x_wconf 87' lang='lat' dir='ltr'><strong>supra,</strong></span> <span class='ocrx_word' id='word_1_44' title='bbox 1611 649 1662 671; x_wconf 80' lang='lat' dir='ltr'><strong>lv.</strong></span> 
     </span>
    </p>
   </div>
   <div class='ocr_carea' id='block_1_3' title="bbox 293 691 1665 786">
    <p class='ocr_par' dir='ltr' id='par_1_5' title="bbox 293 691 1665 786">
     <span class='ocr_line' id='line_1_8' title="bbox 343 691 1665 747; baseline 0.006 -23"><span class='ocrx_word' id='word_1_45' title='bbox 343 691 496 738; x_wconf 80' lang='lat' dir='ltr'><strong>Regium</strong></span> <span class='ocrx_word' id='word_1_46' title='bbox 522 702 706 730; x_wconf 84' lang='lat' dir='ltr'><strong>ornatum.</strong></span> <span class='ocrx_word' id='word_1_47' title='bbox 737 697 918 732; x_wconf 90' lang='lat' dir='ltr'><strong>Diadema</strong></span> <span class='ocrx_word' id='word_1_48' title='bbox 949 697 1105 741; x_wconf 85' lang='lat' dir='ltr'><strong>scilicet,</strong></span> <span class='ocrx_word' id='word_1_49' title='bbox 1137 706 1342 746; x_wconf 84' lang='lat' dir='ltr'><strong>sceptrum,</strong></span> <span class='ocrx_word' id='word_1_50' title='bbox 1370 709 1665 747; x_wconf 87' lang='lat' dir='ltr'><strong>purpureamque</strong></span> 
     </span>
     <span class='ocr_line' id='line_1_9' title="bbox 293 753 436 786; baseline 0 -1"><span class='ocrx_word' id='word_1_51' title='bbox 293 753 436 786; x_wconf 79' lang='lat' dir='ltr'><strong>stolam.</strong></span> 
     </span>
    </p>
   </div>
   <div class='ocr_carea' id='block_1_4' title="bbox 292 813 1669 989">
    <p class='ocr_par' dir='ltr' id='par_1_6' title="bbox 292 813 1669 989">
     <span class='ocr_line' id='line_1_10' title="bbox 344 813 1667 862; baseline 0.006 -16"><span class='ocrx_word' id='word_1_52' title='bbox 344 813 428 847; x_wconf 72' lang='lat' dir='ltr'><strong>CAP.</strong></span> <span class='ocrx_word' id='word_1_53' title='bbox 450 813 557 849; x_wconf 89' lang='lat' dir='ltr'><strong>XIII.</strong></span> <span class='ocrx_word' id='word_1_54' title='bbox 580 816 836 852; x_wconf 76' lang='lat' dir='ltr'><strong>Humavemnt.</strong></span> <span class='ocrx_word' id='word_1_55' title='bbox 861 816 907 853; x_wconf 92' lang='lat' dir='ltr'><strong>Id</strong></span> <span class='ocrx_word' id='word_1_56' title='bbox 926 824 1000 862; x_wconf 90' lang='lat' dir='ltr'><strong>est,</strong></span> <span class='ocrx_word' id='word_1_57' title='bbox 1017 818 1158 854; x_wconf 89' lang='lat' dir='ltr'><strong>cineres</strong></span> <span class='ocrx_word' id='word_1_58' title='bbox 1178 831 1224 854; x_wconf 87' lang='lat' dir='ltr'><strong>ex</strong></span> <span class='ocrx_word' id='word_1_59' title='bbox 1242 832 1346 854; x_wconf 92' lang='lat' dir='ltr'><strong>more</strong></span> <span class='ocrx_word' id='word_1_60' title='bbox 1370 820 1545 854; x_wconf 90' lang='lat' dir='ltr'><strong>collectos</strong></span> <span class='ocrx_word' id='word_1_61' title='bbox 1567 826 1667 854; x_wconf 87' lang='lat' dir='ltr'><strong>terra</strong></span> 
     </span>
     <span class='ocr_line' id='line_1_11' title="bbox 292 873 550 911; baseline 0.016 -4"><span class='ocrx_word' id='word_1_62' title='bbox 292 873 550 911; x_wconf 87' lang='lat' dir='ltr'><strong>condiderunt.</strong></span> 
     </span>
     <span class='ocr_line' id='line_1_12' title="bbox 343 935 1669 989; baseline 0.003 -19"><span class='ocrx_word' id='word_1_63' title='bbox 343 935 518 972; x_wconf 86' lang='lat' dir='ltr'><strong>Eumenis</strong></span> <span class='ocrx_word' id='word_1_64' title='bbox 542 950 600 973; x_wconf 90' lang='lat' dir='ltr'><strong>res</strong></span> <span class='ocrx_word' id='word_1_65' title='bbox 623 946 707 986; x_wconf 90' lang='lat' dir='ltr'><strong>pete</strong></span> <span class='ocrx_word' id='word_1_66' title='bbox 727 953 773 975; x_wconf 84' lang='lat' dir='ltr'><strong>ex</strong></span> <span class='ocrx_word' id='word_1_67' title='bbox 797 941 1014 985; x_wconf 81' lang='lat' dir='ltr'><strong>Plutarcho,</strong></span> <span class='ocrx_word' id='word_1_68' title='bbox 1036 941 1228 986; x_wconf 88' lang='lat' dir='ltr'><strong>Diodoro,</strong></span> <span class='ocrx_word' id='word_1_69' title='bbox 1250 942 1442 989; x_wconf 87' lang='lat' dir='ltr'><strong>Polyaeno,</strong></span> <span class='ocrx_word' id='word_1_70' title='bbox 1467 940 1669 984; x_wconf 87' lang='lat' dir='ltr'><strong>Frontino,</strong></span> 
     </span>
    </p>
   </div>
   <div class='ocr_carea' id='block_1_5' title="bbox 293 996 1669 1106">
    <p class='ocr_par' dir='ltr' id='par_1_7' title="bbox 293 996 1669 1106">
     <span class='ocr_line' id='line_1_13' title="bbox 293 996 1669 1050; baseline 0.007 -20"><span class='ocrx_word' id='word_1_71' title='bbox 293 996 457 1042; x_wconf 87' lang='lat' dir='ltr'><strong>Justino,</strong></span> <span class='ocrx_word' id='word_1_72' title='bbox 486 1000 669 1046; x_wconf 88' lang='lat' dir='ltr'><strong>Appiano.</strong></span> <span class='ocrx_word' id='word_1_73' title='bbox 702 1001 807 1038; x_wconf 88' lang='lat' dir='ltr'><strong>Adde</strong></span> <span class='ocrx_word' id='word_1_74' title='bbox 835 1003 936 1050; x_wconf 89' lang='lat' dir='ltr'><strong>apud</strong></span> <span class='ocrx_word' id='word_1_75' title='bbox 966 1016 1056 1049; x_wconf 92' lang='lat' dir='ltr'><strong>nos,</strong></span> <span class='ocrx_word' id='word_1_76' title='bbox 1076 1004 1222 1047; x_wconf 83' lang='lat' dir='ltr'><strong>Rollin;</strong></span> <span class='ocrx_word' id='word_1_77' title='bbox 1256 1004 1439 1046; x_wconf 79' lang='lat' dir='ltr'><strong>Voltaire,</strong></span> <span class='ocrx_word' id='word_1_78' title='bbox 1475 1002 1669 1050; x_wconf 49' lang='lat' dir='ltr'><strong>Olympi&amp;</strong></span> 
     </span>
     <span class='ocr_line' id='line_1_14' title="bbox 293 1059 800 1106; baseline 0.01 -14"><span class='ocrx_word' id='word_1_79' title='bbox 293 1064 330 1093; x_wconf 83' lang='lat' dir='ltr'><strong>et</strong></span> <span class='ocrx_word' id='word_1_80' title='bbox 347 1059 483 1106; x_wconf 87' lang='lat' dir='ltr'><strong>scripta</strong></span> <span class='ocrx_word' id='word_1_81' title='bbox 501 1061 548 1095; x_wconf 85' lang='lat' dir='ltr'><strong>de</strong></span> <span class='ocrx_word' id='word_1_82' title='bbox 571 1063 800 1099; x_wconf 70' lang='lat' dir='ltr'><strong>Alexandro.</strong></span> 
     </span>
    </p>
   </div>
   <div class='ocr_carea' id='block_1_6' title="bbox 716 1179 1241 1209">
    <p class='ocr_par' dir='ltr' id='par_1_8' title="bbox 716 1179 1241 1209">
     <span class='ocr_line' id='line_1_15' title="bbox 716 1179 1241 1209; baseline 0.002 -3"><span class='ocrx_word' id='word_1_83' title='bbox 716 1179 766 1207; x_wconf 73' lang='lat' dir='ltr'><strong>{N</strong></span> <span class='ocrx_word' id='word_1_84' title='bbox 801 1179 1049 1209; x_wconf 83' lang='lat' dir='ltr'><strong>PHOCIONIS</strong></span> <span class='ocrx_word' id='word_1_85' title='bbox 1085 1180 1241 1209; x_wconf 76' lang='lat' dir='ltr'>VITAM.</span> 
     </span>
    </p>
   </div>
   <div class='ocr_carea' id='block_1_7' title="bbox 293 1269 1677 2116">
    <p class='ocr_par' dir='ltr' id='par_1_9' title="bbox 295 1269 1668 1379">
     <span class='ocr_line' id='line_1_16' title="bbox 346 1269 1668 1322; baseline 0.004 -18"><span class='ocrx_word' id='word_1_86' title='bbox 346 1269 429 1305; x_wconf 63' lang='lat' dir='ltr'><strong>Cn.</strong></span> <span class='ocrx_word' id='word_1_87' title='bbox 444 1272 512 1306; x_wconf 91' lang='lat' dir='ltr'><strong>III.</strong></span> <span class='ocrx_word' id='word_1_88' title='bbox 538 1272 679 1319; x_wconf 76' lang='lat' dir='ltr'><em>Capitis</em></span> <span class='ocrx_word' id='word_1_89' title='bbox 697 1273 906 1308; x_wconf 81' lang='lat' dir='ltr'><strong>damnatos.</strong></span> <span class='ocrx_word' id='word_1_90' title='bbox 922 1275 1065 1322; x_wconf 86' lang='lat' dir='ltr'><strong>Nempe</strong></span> <span class='ocrx_word' id='word_1_91' title='bbox 1085 1275 1216 1322; x_wconf 88' lang='lat' dir='ltr'><strong>capitis</strong></span> <span class='ocrx_word' id='word_1_92' title='bbox 1240 1275 1430 1310; x_wconf 86' lang='lat' dir='ltr'><strong>damnatio</strong></span> <span class='ocrx_word' id='word_1_93' title='bbox 1454 1288 1474 1309; x_wconf 91' lang='lat' dir='ltr'><strong>a</strong></span> <span class='ocrx_word' id='word_1_94' title='bbox 1491 1274 1668 1321; x_wconf 88' lang='lat' dir='ltr'><strong>juriscon-</strong></span> 
     </span>
     <span class='ocr_line' id='line_1_17' title="bbox 295 1331 1166 1379; baseline 0.006 -14"><span class='ocrx_word' id='word_1_95' title='bbox 295 1331 397 1366; x_wconf 86' lang='lat' dir='ltr'><strong>sultis</strong></span> <span class='ocrx_word' id='word_1_96' title='bbox 417 1332 464 1366; x_wconf 88' lang='lat' dir='ltr'><strong>ad</strong></span> <span class='ocrx_word' id='word_1_97' title='bbox 483 1333 703 1379; x_wconf 90' lang='lat' dir='ltr'><strong>supplicium</strong></span> <span class='ocrx_word' id='word_1_98' title='bbox 722 1334 781 1368; x_wconf 87' lang='lat' dir='ltr'><strong>vel</strong></span> <span class='ocrx_word' id='word_1_99' title='bbox 806 1334 975 1369; x_wconf 85' lang='lat' dir='ltr'><strong>exsilium</strong></span> <span class='ocrx_word' id='word_1_100' title='bbox 999 1335 1166 1370; x_wconf 89' lang='lat' dir='ltr'><strong>refertur.</strong></span> 
     </span>
    </p>

    <p class='ocr_par' dir='ltr' id='par_1_10' title="bbox 294 1392 1672 1502">
     <span class='ocr_line' id='line_1_18' title="bbox 346 1392 1672 1443; baseline 0.003 -17"><span class='ocrx_word' id='word_1_101' title='bbox 346 1392 406 1426; x_wconf 81' lang='lat' dir='ltr'><strong>Ab</strong></span> <span class='ocrx_word' id='word_1_102' title='bbox 428 1394 633 1441; x_wconf 78' lang='lat' dir='ltr'><strong>Agnonide.</strong></span> <span class='ocrx_word' id='word_1_103' title='bbox 659 1394 824 1430; x_wconf 85' lang='lat' dir='ltr'><strong>Rhetore</strong></span> <span class='ocrx_word' id='word_1_104' title='bbox 849 1402 885 1430; x_wconf 90' lang='lat' dir='ltr'><strong>et</strong></span> <span class='ocrx_word' id='word_1_105' title='bbox 909 1396 1156 1443; x_wconf 86' lang='lat' dir='ltr'><strong>sycophanta,</strong></span> <span class='ocrx_word' id='word_1_106' title='bbox 1179 1409 1242 1432; x_wconf 93' lang='lat' dir='ltr'><strong>seu</strong></span> <span class='ocrx_word' id='word_1_107' title='bbox 1267 1396 1452 1440; x_wconf 88' lang='lat' dir='ltr'><strong>delatore,</strong></span> <span class='ocrx_word' id='word_1_108' title='bbox 1476 1396 1672 1432; x_wconf 82' lang='lat' dir='ltr'><strong>accusandi</strong></span> 
     </span>
     <span class='ocr_line' id='line_1_19' title="bbox 294 1453 1208 1502; baseline 0.004 -14"><span class='ocrx_word' id='word_1_109' title='bbox 294 1453 521 1489; x_wconf 87' lang='lat' dir='ltr'><strong>Phocionem</strong></span> <span class='ocrx_word' id='word_1_110' title='bbox 541 1455 659 1502; x_wconf 85' lang='lat' dir='ltr'><strong>gratia</strong></span> <span class='ocrx_word' id='word_1_111' title='bbox 677 1456 802 1491; x_wconf 85' lang='lat' dir='ltr'><strong>misso.</strong></span> <span class='ocrx_word' id='word_1_112' title='bbox 827 1457 922 1491; x_wconf 84' lang='lat' dir='ltr'><strong>Vide</strong></span> <span class='ocrx_word' id='word_1_113' title='bbox 937 1459 1208 1493; x_wconf 74' lang='lat' dir='ltr'><strong>PLUTARCHUM.</strong></span> 
     </span>
    </p>

    <p class='ocr_par' dir='ltr' id='par_1_11' title="bbox 293 1517 1677 1995">
     <span class='ocr_line' id='line_1_20' title="bbox 344 1517 1674 1566; baseline 0.002 -16"><span class='ocrx_word' id='word_1_114' title='bbox 344 1517 429 1551; x_wconf 65' lang='lat' dir='ltr'><strong>Car».</strong></span> <span class='ocrx_word' id='word_1_115' title='bbox 455 1517 516 1551; x_wconf 90' lang='lat' dir='ltr'><strong>IV.</strong></span> <span class='ocrx_word' id='word_1_116' title='bbox 544 1518 661 1552; x_wconf 85' lang='lat' dir='ltr'><strong>Nemo</strong></span> <span class='ocrx_word' id='word_1_117' title='bbox 683 1530 796 1553; x_wconf 78' lang='lat' dir='ltr'><strong>ausus</strong></span> <span class='ocrx_word' id='word_1_118' title='bbox 821 1519 877 1554; x_wconf 84' lang='lat' dir='ltr'><strong>sit.</strong></span> <span class='ocrx_word' id='word_1_119' title='bbox 905 1519 1120 1555; x_wconf 83' lang='lat' dir='ltr'><strong>Proditores</strong></span> <span class='ocrx_word' id='word_1_120' title='bbox 1143 1519 1241 1555; x_wconf 89' lang='lat' dir='ltr'><strong>enim</strong></span> <span class='ocrx_word' id='word_1_121' title='bbox 1266 1519 1390 1566; x_wconf 84' lang='lat' dir='ltr'><strong>palam</strong></span> <span class='ocrx_word' id='word_1_122' title='bbox 1414 1519 1571 1566; x_wconf 86' lang='lat' dir='ltr'><strong>sepelire</strong></span> <span class='ocrx_word' id='word_1_123' title='bbox 1595 1531 1674 1553; x_wconf 86' lang='lat' dir='ltr'><strong>non</strong></span> 
     </span>
     <span class='ocr_line' id='line_1_21' title="bbox 293 1577 1675 1628; baseline 0.002 -16"><span class='ocrx_word' id='word_1_124' title='bbox 293 1577 448 1622; x_wconf 85' lang='lat' dir='ltr'><strong>licebat,</strong></span> <span class='ocrx_word' id='word_1_125' title='bbox 466 1579 570 1625; x_wconf 91' lang='lat' dir='ltr'><strong>quod</strong></span> <span class='ocrx_word' id='word_1_126' title='bbox 594 1579 674 1626; x_wconf 91' lang='lat' dir='ltr'><strong>ipse</strong></span> <span class='ocrx_word' id='word_1_127' title='bbox 695 1579 809 1614; x_wconf 78' lang='lat' dir='ltr'><strong>tradit</strong></span> <span class='ocrx_word' id='word_1_128' title='bbox 829 1581 972 1627; x_wconf 90' lang='lat' dir='ltr'><strong>Nepos,</strong></span> <span class='ocrx_word' id='word_1_129' title='bbox 999 1580 1036 1615; x_wconf 84' lang='lat' dir='ltr'><strong>in</strong></span> <span class='ocrx_word' id='word_1_130' title='bbox 1065 1581 1329 1624; x_wconf 56' lang='lat' dir='ltr'><strong>Themistocle,</strong></span> <span class='ocrx_word' id='word_1_131' title='bbox 1353 1592 1431 1628; x_wconf 85' lang='lat' dir='ltr'><strong>cap.</strong></span> <span class='ocrx_word' id='word_1_132' title='bbox 1459 1593 1515 1615; x_wconf 91' lang='lat'><strong>10.</strong></span> <span class='ocrx_word' id='word_1_133' title='bbox 1535 1581 1675 1615; x_wconf 89' lang='lat' dir='ltr'><strong>Omnes</strong></span> 
     </span>
     <span class='ocr_line' id='line_1_22' title="bbox 294 1639 1675 1689; baseline 0.002 -16"><span class='ocrx_word' id='word_1_134' title='bbox 294 1639 487 1674; x_wconf 88' lang='lat' dir='ltr'><strong>damnatos</strong></span> <span class='ocrx_word' id='word_1_135' title='bbox 497 1667 506 1683; x_wconf 96' lang='lat'>‚</span> <span class='ocrx_word' id='word_1_136' title='bbox 524 1648 657 1687; x_wconf 85' lang='lat' dir='ltr'><strong>negata</strong></span> <span class='ocrx_word' id='word_1_137' title='bbox 677 1642 882 1688; x_wconf 88' lang='lat' dir='ltr'><strong>sepultura,</strong></span> <span class='ocrx_word' id='word_1_138' title='bbox 897 1649 1000 1677; x_wconf 81' lang='lat' dir='ltr'><strong>extra</strong></span> <span class='ocrx_word' id='word_1_139' title='bbox 1013 1640 1105 1678; x_wconf 86' lang='lat' dir='ltr'><strong>fines</strong></span> <span class='ocrx_word' id='word_1_140' title='bbox 1119 1642 1246 1678; x_wconf 86' lang='lat' dir='ltr'><strong>Atticae</strong></span> <span class='ocrx_word' id='word_1_141' title='bbox 1264 1642 1452 1689; x_wconf 88' lang='lat' dir='ltr'><strong>projectos</strong></span> <span class='ocrx_word' id='word_1_142' title='bbox 1465 1642 1573 1676; x_wconf 84' lang='lat' dir='ltr'><strong>fuisse</strong></span> <span class='ocrx_word' id='word_1_143' title='bbox 1587 1654 1675 1676; x_wconf 88' lang='lat' dir='ltr'><strong>nar-</strong></span> 
     </span>
     <span class='ocr_line' id='line_1_23' title="bbox 294 1700 1675 1750; baseline 0.002 -16"><span class='ocrx_word' id='word_1_144' title='bbox 294 1706 350 1735; x_wconf 90' lang='lat' dir='ltr'><strong>rat</strong></span> <span class='ocrx_word' id='word_1_145' title='bbox 382 1700 591 1745; x_wconf 86' lang='lat' dir='ltr'><strong>Diodorus,</strong></span> <span class='ocrx_word' id='word_1_146' title='bbox 626 1714 748 1746; x_wconf 86' lang='lat' dir='ltr'><strong>xvm,</strong></span> <span class='ocrx_word' id='word_1_147' title='bbox 779 1702 840 1747; x_wconf 89' lang='lat'><strong>67.</strong></span> <span class='ocrx_word' id='word_1_148' title='bbox 872 1704 982 1739; x_wconf 88' lang='lat' dir='ltr'><strong>Ultra</strong></span> <span class='ocrx_word' id='word_1_149' title='bbox 1010 1703 1222 1739; x_wconf 87' lang='lat' dir='ltr'><strong>Eleusinem</strong></span> <span class='ocrx_word' id='word_1_150' title='bbox 1255 1715 1391 1750; x_wconf 88' lang='lat' dir='ltr'><strong>corpus</strong></span> <span class='ocrx_word' id='word_1_151' title='bbox 1421 1715 1441 1737; x_wconf 89' lang='lat' dir='ltr'><strong>a</strong></span> <span class='ocrx_word' id='word_1_152' title='bbox 1467 1703 1675 1750; x_wconf 86' lang='lat' dir='ltr'><strong>vespillone</strong></span> 
     </span>
     <span class='ocr_line' id='line_1_24' title="bbox 295 1764 1676 1812; baseline 0.001 -16"><span class='ocrx_word' id='word_1_153' title='bbox 295 1768 481 1807; x_wconf 88' lang='lat' dir='ltr'><strong>portatum</strong></span> <span class='ocrx_word' id='word_1_154' title='bbox 504 1769 540 1797; x_wconf 92' lang='lat' dir='ltr'><strong>et</strong></span> <span class='ocrx_word' id='word_1_155' title='bbox 562 1770 762 1798; x_wconf 89' lang='lat' dir='ltr'><strong>crematum</strong></span> <span class='ocrx_word' id='word_1_156' title='bbox 775 1790 786 1808; x_wconf 94' lang='lat'><strong>,</strong></span> <span class='ocrx_word' id='word_1_157' title='bbox 805 1776 826 1799; x_wconf 93' lang='lat' dir='ltr'><strong>a</strong></span> <span class='ocrx_word' id='word_1_158' title='bbox 843 1764 999 1800; x_wconf 83' lang='lat' dir='ltr'><strong>muliere</strong></span> <span class='ocrx_word' id='word_1_159' title='bbox 1013 1764 1197 1812; x_wconf 87' lang='lat' dir='ltr'><strong>megarica</strong></span> <span class='ocrx_word' id='word_1_160' title='bbox 1211 1764 1472 1811; x_wconf 86' lang='lat' dir='ltr'><strong>cenotaphium</strong></span> <span class='ocrx_word' id='word_1_161' title='bbox 1487 1771 1676 1811; x_wconf 83' lang='lat' dir='ltr'><strong>aggestum</strong></span> 
     </span>
     <span class='ocr_line' id='line_1_25' title="bbox 295 1824 1677 1873; baseline 0.002 -16"><span class='ocrx_word' id='word_1_162' title='bbox 295 1835 371 1858; x_wconf 90' lang='lat' dir='ltr'><strong>esse</strong></span> <span class='ocrx_word' id='word_1_163' title='bbox 394 1824 522 1858; x_wconf 88' lang='lat' dir='ltr'><strong>scribit</strong></span> <span class='ocrx_word' id='word_1_164' title='bbox 538 1825 769 1869; x_wconf 85' lang='lat' dir='ltr'><strong>Plutarchus,</strong></span> <span class='ocrx_word' id='word_1_165' title='bbox 786 1837 941 1870; x_wconf 79' lang='lat' dir='ltr'><strong>xxxvn,</strong></span> <span class='ocrx_word' id='word_1_166' title='bbox 963 1826 1140 1873; x_wconf 85' lang='lat' dir='ltr'><strong>additque</strong></span> <span class='ocrx_word' id='word_1_167' title='bbox 1166 1826 1408 1861; x_wconf 90' lang='lat' dir='ltr'><strong>Athenienses</strong></span> <span class='ocrx_word' id='word_1_168' title='bbox 1436 1826 1549 1872; x_wconf 85' lang='lat' dir='ltr'><strong>paulo</strong></span> <span class='ocrx_word' id='word_1_169' title='bbox 1574 1832 1677 1873; x_wconf 83' lang='lat' dir='ltr'><strong>post,</strong></span> 
     </span>
     <span class='ocr_line' id='line_1_26' title="bbox 294 1884 1677 1934; baseline 0.001 -15"><span class='ocrx_word' id='word_1_170' title='bbox 294 1884 514 1932; x_wconf 87' lang='lat' dir='ltr'><strong>poenitentia</strong></span> <span class='ocrx_word' id='word_1_171' title='bbox 533 1892 568 1921; x_wconf 91' lang='lat' dir='ltr'><strong>et</strong></span> <span class='ocrx_word' id='word_1_172' title='bbox 588 1886 773 1921; x_wconf 88' lang='lat' dir='ltr'><strong>desiderio</strong></span> <span class='ocrx_word' id='word_1_173' title='bbox 793 1892 930 1932; x_wconf 89' lang='lat' dir='ltr'><strong>tactos,</strong></span> <span class='ocrx_word' id='word_1_174' title='bbox 949 1900 1031 1922; x_wconf 91' lang='lat' dir='ltr'><strong>ossa</strong></span> <span class='ocrx_word' id='word_1_175' title='bbox 1049 1887 1201 1934; x_wconf 89' lang='lat' dir='ltr'><strong>publice</strong></span> <span class='ocrx_word' id='word_1_176' title='bbox 1220 1888 1407 1931; x_wconf 88' lang='lat' dir='ltr'><strong>humasse,</strong></span> <span class='ocrx_word' id='word_1_177' title='bbox 1427 1887 1498 1934; x_wconf 89' lang='lat' dir='ltr'><strong>ipsi</strong></span> <span class='ocrx_word' id='word_1_178' title='bbox 1522 1894 1677 1922; x_wconf 87' lang='lat' dir='ltr'><strong>statuam</strong></span> 
     </span>
     <span class='ocr_line' id='line_1_27' title="bbox 295 1947 1451 1995; baseline 0.003 -15"><span class='ocrx_word' id='word_1_179' title='bbox 295 1957 433 1981; x_wconf 88' lang='lat' dir='ltr'><strong>aeneam</strong></span> <span class='ocrx_word' id='word_1_180' title='bbox 458 1947 640 1993; x_wconf 81' lang='lat' dir='ltr'><strong>posuisse,</strong></span> <span class='ocrx_word' id='word_1_181' title='bbox 663 1954 698 1982; x_wconf 89' lang='lat' dir='ltr'><strong>et</strong></span> <span class='ocrx_word' id='word_1_182' title='bbox 723 1948 962 1995; x_wconf 88' lang='lat' dir='ltr'><strong>Agnonidem</strong></span> <span class='ocrx_word' id='word_1_183' title='bbox 980 1948 1219 1983; x_wconf 87' lang='lat' dir='ltr'><strong>interfecisse.</strong></span> <span class='ocrx_word' id='word_1_184' title='bbox 1241 1950 1451 1983; x_wconf 69' lang='lat' dir='ltr'><strong>Tzscnncx.</strong></span> 
     </span>
    </p>

    <p class='ocr_par' dir='ltr' id='par_1_12' title="bbox 296 2007 1676 2116">
     <span class='ocr_line' id='line_1_28' title="bbox 346 2007 1676 2054; baseline 0.001 -13"><span class='ocrx_word' id='word_1_185' title='bbox 346 2007 402 2042; x_wconf 93' lang='lat' dir='ltr'><strong>De</strong></span> <span class='ocrx_word' id='word_1_186' title='bbox 415 2007 624 2052; x_wconf 87' lang='lat' dir='ltr'><strong>Phocione,</strong></span> <span class='ocrx_word' id='word_1_187' title='bbox 637 2008 722 2043; x_wconf 87' lang='lat' dir='ltr'><strong>vide</strong></span> <span class='ocrx_word' id='word_1_188' title='bbox 735 2009 971 2044; x_wconf 89' lang='lat' dir='ltr'><strong>Plutarchum</strong></span> <span class='ocrx_word' id='word_1_189' title='bbox 980 2037 989 2054; x_wconf 91' lang='lat'><strong>,</strong></span> <span class='ocrx_word' id='word_1_190' title='bbox 998 2010 1210 2044; x_wconf 88' lang='lat' dir='ltr'><strong>AEschinem</strong></span> <span class='ocrx_word' id='word_1_191' title='bbox 1219 2037 1228 2053; x_wconf 90' lang='lat'>‚</span> <span class='ocrx_word' id='word_1_192' title='bbox 1238 2010 1452 2044; x_wconf 87' lang='lat' dir='ltr'><strong>Athenaeum</strong></span> <span class='ocrx_word' id='word_1_193' title='bbox 1462 2036 1470 2053; x_wconf 92' lang='lat'><strong>,</strong></span> <span class='ocrx_word' id='word_1_194' title='bbox 1479 2008 1676 2052; x_wconf 86' lang='lat' dir='ltr'><strong>AElianum,</strong></span> 
     </span>
     <span class='ocr_line' id='line_1_29' title="bbox 296 2067 1676 2116; baseline 0.001 -14"><span class='ocrx_word' id='word_1_195' title='bbox 296 2067 525 2115; x_wconf 89' lang='lat' dir='ltr'><strong>Diodorum,</strong></span> <span class='ocrx_word' id='word_1_196' title='bbox 543 2069 774 2116; x_wconf 81' lang='lat' dir='ltr'><strong>Polyaenum,</strong></span> <span class='ocrx_word' id='word_1_197' title='bbox 788 2071 870 2105; x_wconf 88' lang='lat' dir='ltr'><strong>Val.</strong></span> <span class='ocrx_word' id='word_1_198' title='bbox 885 2070 1103 2105; x_wconf 81' lang='lat' dir='ltr'><strong>Maximum.</strong></span> <span class='ocrx_word' id='word_1_199' title='bbox 1118 2070 1224 2105; x_wconf 83' lang='lat' dir='ltr'><strong>Adde</strong></span> <span class='ocrx_word' id='word_1_200' title='bbox 1243 2070 1365 2105; x_wconf 83' lang='lat' dir='ltr'><strong>Rollin</strong></span> <span class='ocrx_word' id='word_1_201' title='bbox 1379 2077 1414 2105; x_wconf 90' lang='lat' dir='ltr'><strong>et</strong></span> <span class='ocrx_word' id='word_1_202' title='bbox 1424 2069 1676 2116; x_wconf 77' lang='lat' dir='ltr'><strong>Bartlae&#39;lemy.</strong></span> 
     </span>
    </p>
   </div>
   <div class='ocr_carea' id='block_1_8' title="bbox 694 2185 1279 2213">
    <p class='ocr_par' dir='ltr' id='par_1_13' title="bbox 694 2185 1279 2213">
     <span class='ocr_line' id='line_1_30' title="bbox 694 2185 1279 2213; baseline -0.002 0"><span class='ocrx_word' id='word_1_203' title='bbox 694 2185 741 2213; x_wconf 90' lang='lat' dir='ltr'><strong>IN</strong></span> <span class='ocrx_word' id='word_1_204' title='bbox 777 2185 1082 2213; x_wconf 79' lang='lat' dir='ltr'><strong>TIMOLEONTIS</strong></span> <span class='ocrx_word' id='word_1_205' title='bbox 1116 2185 1279 2213; x_wconf 76' lang='lat' dir='ltr'><strong>VITAM.</strong></span> 
     </span>
    </p>
   </div>
   <div class='ocr_carea' id='block_1_9' title="bbox 297 2279 1677 2697">
    <p class='ocr_par' dir='ltr' id='par_1_14' title="bbox 349 2279 1354 2325">
     <span class='ocr_line' id='line_1_31' title="bbox 349 2279 1354 2325; baseline 0 -11"><span class='ocrx_word' id='word_1_206' title='bbox 349 2280 432 2314; x_wconf 53' lang='lat' dir='ltr'><strong>Cap.</strong></span> <span class='ocrx_word' id='word_1_207' title='bbox 460 2280 487 2314; x_wconf 91' lang='lat'><strong>1.</strong></span> <span class='ocrx_word' id='word_1_208' title='bbox 515 2281 550 2314; x_wconf 82' lang='lat' dir='ltr'><em>A</em></span> <span class='ocrx_word' id='word_1_209' title='bbox 570 2279 749 2313; x_wconf 83' lang='lat' dir='ltr'><strong>barbaris.</strong></span> <span class='ocrx_word' id='word_1_210' title='bbox 774 2279 919 2314; x_wconf 89' lang='lat' dir='ltr'><strong>Scilicet</strong></span> <span class='ocrx_word' id='word_1_211' title='bbox 939 2292 957 2313; x_wconf 85' lang='lat' dir='ltr'><strong>a</strong></span> <span class='ocrx_word' id='word_1_212' title='bbox 977 2279 1354 2325; x_wconf 81' lang='lat' dir='ltr'><strong>Carthaginiensibus.</strong></span> 
     </span>
    </p>

    <p class='ocr_par' dir='ltr' id='par_1_15' title="bbox 351 2340 968 2388">
     <span class='ocr_line' id='line_1_32' title="bbox 351 2340 968 2388; baseline 0 -14"><span class='ocrx_word' id='word_1_213' title='bbox 351 2342 396 2374; x_wconf 87' lang='lat' dir='ltr'><strong>In</strong></span> <span class='ocrx_word' id='word_1_214' title='bbox 414 2340 626 2388; x_wconf 77' lang='lat' dir='ltr'><strong>pristinum.</strong></span> <span class='ocrx_word' id='word_1_215' title='bbox 650 2340 794 2375; x_wconf 88' lang='lat' dir='ltr'><strong>Statum</strong></span> <span class='ocrx_word' id='word_1_216' title='bbox 818 2340 968 2375; x_wconf 82' lang='lat' dir='ltr'><strong>scilicet.</strong></span> 
     </span>
    </p>

    <p class='ocr_par' dir='ltr' id='par_1_16' title="bbox 297 2401 1677 2510">
     <span class='ocr_line' id='line_1_33' title="bbox 349 2401 1677 2445; baseline 0.002 -9"><span class='ocrx_word' id='word_1_217' title='bbox 349 2401 432 2436; x_wconf 67' lang='lat' dir='ltr'><strong>CAP.</strong></span> <span class='ocrx_word' id='word_1_218' title='bbox 454 2401 520 2436; x_wconf 85' lang='lat'>111.</span> <span class='ocrx_word' id='word_1_219' title='bbox 544 2402 798 2436; x_wconf 70' lang='lat' dir='ltr'><strong>Deduoeemnt.</strong></span> <span class='ocrx_word' id='word_1_220' title='bbox 822 2402 1031 2445; x_wconf 89' lang='lat' dir='ltr'><strong>Deducere,</strong></span> <span class='ocrx_word' id='word_1_221' title='bbox 1053 2402 1209 2437; x_wconf 88' lang='lat' dir='ltr'><strong>verbum</strong></span> <span class='ocrx_word' id='word_1_222' title='bbox 1232 2402 1278 2437; x_wconf 89' lang='lat' dir='ltr'><strong>de</strong></span> <span class='ocrx_word' id='word_1_223' title='bbox 1296 2403 1453 2438; x_wconf 89' lang='lat' dir='ltr'><strong>coloniis</strong></span> <span class='ocrx_word' id='word_1_224' title='bbox 1473 2404 1677 2440; x_wconf 85' lang='lat' dir='ltr'><strong>condendis</strong></span> 
     </span>
     <span class='ocr_line' id='line_1_34' title="bbox 297 2463 1405 2510; baseline 0 -12"><span class='ocrx_word' id='word_1_225' title='bbox 297 2463 472 2498; x_wconf 85' lang='lat' dir='ltr'><strong>solemne.</strong></span> <span class='ocrx_word' id='word_1_226' title='bbox 504 2463 599 2497; x_wconf 82' lang='lat' dir='ltr'><strong>Vide</strong></span> <span class='ocrx_word' id='word_1_227' title='bbox 617 2464 808 2507; x_wconf 60' lang='lat' dir='ltr'><strong>Sannum,</strong></span> <span class='ocrx_word' id='word_1_228' title='bbox 827 2463 874 2497; x_wconf 87' lang='lat' dir='ltr'><strong>ad</strong></span> <span class='ocrx_word' id='word_1_229' title='bbox 891 2463 1040 2510; x_wconf 85' lang='lat' dir='ltr'><strong>Virgilii</strong></span> <span class='ocrx_word' id='word_1_230' title='bbox 1061 2463 1228 2507; x_wconf 80' lang='lat' dir='ltr'><strong>AEneid.,</strong></span> <span class='ocrx_word' id='word_1_231' title='bbox 1255 2476 1296 2508; x_wconf 84' lang='lat'><strong>2,</strong></span> <span class='ocrx_word' id='word_1_232' title='bbox 1320 2463 1405 2498; x_wconf 87' lang='lat'>800.</span> 
     </span>
    </p>

    <p class='ocr_par' dir='ltr' id='par_1_17' title="bbox 300 2524 1674 2621">
     <span class='ocr_line' id='line_1_35' title="bbox 349 2524 1674 2571; baseline 0.002 -13"><span class='ocrx_word' id='word_1_233' title='bbox 349 2525 432 2559; x_wconf 49' lang='lat' dir='ltr'><strong>Cap.</strong></span> <span class='ocrx_word' id='word_1_234' title='bbox 447 2525 510 2559; x_wconf 91' lang='lat' dir='ltr'><strong>IV.</strong></span> <span class='ocrx_word' id='word_1_235' title='bbox 538 2526 582 2559; x_wconf 86' lang='grc' dir='ltr'><strong>1η</strong></span> <span class='ocrx_word' id='word_1_236' title='bbox 611 2524 800 2559; x_wconf 77' lang='lat' dir='ltr'><strong>theatrum.</strong></span> <span class='ocrx_word' id='word_1_237' title='bbox 828 2525 922 2559; x_wconf 89' lang='lat' dir='ltr'><strong>Nam</strong></span> <span class='ocrx_word' id='word_1_238' title='bbox 956 2525 1092 2559; x_wconf 87' lang='lat' dir='ltr'><strong>Graecis</strong></span> <span class='ocrx_word' id='word_1_239' title='bbox 1119 2525 1305 2560; x_wconf 87' lang='lat' dir='ltr'><strong>theatrum</strong></span> <span class='ocrx_word' id='word_1_240' title='bbox 1327 2537 1396 2571; x_wconf 89' lang='lat' dir='ltr'><strong>pro</strong></span> <span class='ocrx_word' id='word_1_241' title='bbox 1421 2525 1538 2568; x_wconf 87' lang='lat' dir='ltr'><strong>curia,</strong></span> <span class='ocrx_word' id='word_1_242' title='bbox 1570 2525 1674 2567; x_wconf 85' lang='lat' dir='ltr'><strong>foro,</strong></span> 
     </span>
     <span class='ocr_line' id='line_1_36' title="bbox 300 2586 545 2621; baseline 0 -1"><span class='ocrx_word' id='word_1_243' title='bbox 300 2586 452 2621; x_wconf 80' lang='lat' dir='ltr'><strong>comitio</strong></span> <span class='ocrx_word' id='word_1_244' title='bbox 466 2586 545 2620; x_wconf 82' lang='lat' dir='ltr'><strong>fuit.</strong></span> 
     </span>
    </p>

    <p class='ocr_par' dir='ltr' id='par_1_18' title="bbox 352 2640 1676 2697">
     <span class='ocr_line' id='line_1_37' title="bbox 352 2640 1676 2697; baseline 0.002 -16"><span class='ocrx_word' id='word_1_245' title='bbox 352 2640 533 2695; x_wconf 76' lang='grc' dir='ltr'><strong>Αὖτομιιτ</strong></span> <span class='ocrx_word' id='word_1_246' title='bbox 542 2651 609 2682; x_wconf 67' lang='lat' dir='ltr'><strong>(af.</strong></span> <span class='ocrx_word' id='word_1_247' title='bbox 622 2648 742 2682; x_wconf 88' lang='lat' dir='ltr'><strong>Fortis</strong></span> <span class='ocrx_word' id='word_1_248' title='bbox 754 2650 924 2683; x_wconf 82' lang='lat' dir='ltr'><strong>Fortunae</strong></span> <span class='ocrx_word' id='word_1_249' title='bbox 935 2650 989 2682; x_wconf 72' lang='lat' dir='ltr'><strong>vel</strong></span> <span class='ocrx_word' id='word_1_250' title='bbox 1000 2645 1157 2697; x_wconf 63' lang='grc' dir='ltr'><strong>Ἀγαθῆς</strong></span> <span class='ocrx_word' id='word_1_251' title='bbox 1168 2646 1306 2697; x_wconf 76' lang='grc' dir='ltr'><strong>Τύχης.</strong></span> <span class='ocrx_word' id='word_1_252' title='bbox 1318 2648 1547 2692; x_wconf 81' lang='lat' dir='ltr'><strong>Plutarchus,</strong></span> <span class='ocrx_word' id='word_1_253' title='bbox 1562 2648 1608 2684; x_wconf 93' lang='lat' dir='ltr'><strong>de</strong></span> <span class='ocrx_word' id='word_1_254' title='bbox 1622 2648 1676 2683; x_wconf 88' lang='lat' dir='ltr'><strong>sui</strong></span> 
     </span>
    </p>
   </div>
  </div>
 </body>
</html>
