1859 3310
157 207 718 223 wnmmuvwwwvwvvvwwvvvkuwxx
723 210 781 223 ωᾚὶ
786 210 986 222 wvwxvntmtr«
992 211 1003 222 t
1009 211 1034 222 x=
1040 210 1225 223 mmtwwxssxx
1231 211 1476 225 ttmxvvwxwwku
1481 214 1527 226 Μὶν

803 406 833 447 V
850 407 865 447 I

563 621 1117 691 LYSANDER,

161 1046 458 1142 IAYSANDER,
480 1087 856 1143 Lacedaemonius,
877 1104 1081 1149 magnam
1102 1089 1279 1150 reliquit
1295 1090 1360 1134 sui
1374 1089 1529 1134 famam

157 1166 294 1227 magis
313 1167 541 1223 felicitate,
568 1184 700 1227 quam
722 1169 885 1211 virtute
906 1178 1090 1228 partam.
1112 1170 1400 1213 Athenienses
1418 1172 1529 1213 enim

158 1246 201 1288 in
219 1244 560 1307 Peloponnesios
579 1257 700 1291 sexto
720 1257 761 1290 et
778 1248 985 1291 vicesimo
1009 1264 1126 1292 anno
1139 1248 1303 1293 bellum
1323 1259 1536 1310 gerentCS,

158 1326 396 1370 confecisse
421 1338 629 1387 apparet:
652 1327 696 1370 id
721 1344 806 1388 qua
833 1328 1004 1371 ratione
1032 1339 1291 1373 consecutus
1315 1330 1388 1384 sit,
1415 1328 1533 1372 latet.

157 1407 258 1451 Non
283 1407 399 1450 enim
422 1408 585 1451 virtute
612 1408 678 1451 sui
702 1408 940 1462 exercitus,
964 1408 1038 1451 sed
1066 1408 1343 1452 immodestia
1372 1409 1535 1453 factum

158 1496 222 1530 est
243 1486 614 1542 adversariorum,
637 1488 733 1547 qui,
757 1488 875 1547 quod
908 1488 1026 1531 dieto
1053 1488 1280 1533 audientes
1304 1489 1537 1549 imperato-

157 1566 278 1610 ribus
302 1567 389 1610 suis
414 1584 501 1611 non
525 1577 673 1618 erant,
697 1567 900 1628 dispalati
920 1568 963 1611 in
987 1569 1122 1629 agris,
1146 1568 1310 1613 relictis
1338 1570 1537 1627 navibus,

158 1647 201 1689 in
225 1646 417 1690 hostium
440 1657 654 1690 venerunt
675 1656 950 1707 potestatem.
979 1650 1082 1705 Quo
1110 1648 1225 1691 facto
1250 1648 1538 1693 Athenienses

157 1743 202 1770 se
229 1725 571 1770 Lacedaemoniis
594 1726 869 1770 dediderunt..
896 1729 989 1770 Hae
1007 1728 1189 1771 victoria
1208 1728 1434 1788 Lysander
1456 1728 1540 1772 ela-

158 1815 249 1864 tus,
273 1824 408 1868 quum
441 1816 569 1851 antea
593 1824 764 1868 semper
792 1808 997 1851 factiosus
1023 1807 1254 1867 audaxque
1283 1808 1452 1865 fuisset,
1479 1810 1540 1852 sic

157 1887 238 1930 sibi
268 1886 469 1943 indulsit,
494 1896 542 1931 ut
565 1888 657 1947 ejus
685 1904 818 1948 opera
848 1887 892 1930 in
920 1888 1157 1931 maximum
1181 1887 1332 1931 odium
1360 1889 1540 1933 Graeciae

156 1966 476 2011 Lacedaemonii
500 1967 792 2027 pervenerint.
818 1968 931 2010 Nam
955 1984 1094 2027 quum
1118 1967 1232 2012 hane
1253 1984 1429 2012 eausam
1454 1972 1536 2013 La-

158 2047 412 2091 cedaemonii
442 2047 717 2091 dictitassent
742 2047 824 2090 sibi
850 2064 942 2091 esse
967 2046 1093 2103 belli,
1127 2057 1177 2090 ut
1203 2048 1538 2093 Atheniensium

159 2128 444 2189 impotentem
465 2127 806 2173 dominationem
824 2127 1143 2189 refringerent3
1163 2138 1397 2188 postquam
1424 2130 1540 2190 apud

158 2209 287 2269 AEgos
306 2208 468 2252 flumen
492 2209 717 2270 Lysander
740 2208 888 2253 elassis
912 2209 1104 2252 hostium
1128 2218 1192 2252 est
1215 2209 1404 2269 potitus,
1429 2211 1537 2254 nihil

159 2287 277 2332 aliud
303 2287 481 2332 molitus
505 2298 588 2346 est,
611 2306 743 2349 quarn
767 2299 817 2333 ut
843 2306 993 2332 omnes
1015 2289 1213 2332 civitates
1243 2289 1288 2332 in
1317 2306 1392 2333 sua
1424 2299 1542 2334 tene-

159 2378 225 2412 ret
254 2378 486 2429 potestate,
504 2386 639 2428 quum
664 2369 708 2412 id
730 2386 773 2413 se
796 2369 1229 2412 Lacedaemoniorum
1248 2386 1376 2413 causa
1400 2370 1541 2414 facere

159 2447 397 2492 simularet.
436 2449 636 2508 Namque
673 2448 889 2509 undique,
921 2449 996 2509 qui
1032 2448 1371 2492 Atheniensium
1412 2451 1540 2494 rebus

160 2528 445 2585 studuissent,
464 2529 632 2589 ejectis,
659 2529 810 2572 decem
833 2528 1053 2590 delegerat
1075 2529 1119 2571 in
1142 2545 1404 2589 unaquaque
1435 2531 1540 2574 civi-

161 2619 265 2663 tate,
283 2609 440 2669 quibus
463 2626 681 2654 summum
707 2609 961 2669 imperium,
980 2618 1326 2669 potestatemque
1341 2611 1538 2654 omnium
