1859 3310
717 188 994 224 PELOPIDAS.
1487 186 1532 229 87

235 273 286 314 V.
318 273 603 316 Conflictatus
626 281 769 315 autem
793 282 855 315 est
881 288 980 314 cum
1004 271 1183 314 adversa
1206 270 1379 313 fortuna
1401 287 1409 312 :
1434 288 1533 313 nam

173 362 214 395 et
238 353 382 403 initio,
407 354 517 396 sicut
541 351 829 403 ostendimus,
850 352 969 395 exsul
997 351 1137 412 patria
1160 352 1325 405 caruit3
1343 360 1386 392 et
1399 367 1534 408 quum

171 431 435 475 Thessaliam
453 433 495 474 in
512 441 770 491 potestatem
789 431 1097 474 Thebanorum
1118 439 1298 489 cuperet
1321 428 1534 488 redigere,

172 508 483 570 legationisque
518 511 616 569 jure
659 511 761 553 satis
804 520 969 553 tectum
1003 527 1047 554 se
1084 510 1387 564 arbitraretur,
1419 507 1535 567 quod

168 589 284 647 apud
308 605 456 632 omnes
483 599 632 649 gentes
655 599 854 633 sanctum
882 606 973 633 esse
997 598 1266 645 consuesset,
1296 605 1319 631 a
1349 598 1535 647 tyranno

166 666 413 710 Alexandro
430 668 607 711 Pheraeo
629 667 756 711 simul
779 686 877 712 cum
901 669 1088 713 Ismenia
1107 667 1446 727 comprehensus
1460 700 1471 722 ‚
1492 666 1535 709 in

166 747 336 791 vincula
366 748 586 808 conjectus
621 759 697 793 est.
737 753 864 793 Hune
890 748 1215 809 Epaminondas
1241 749 1535 808 recuperavit,

164 826 280 871 bello
303 844 565 888 persequens
581 828 889 873 Alexandrum.
911 831 1014 872 Post
1034 829 1075 871 id
1104 829 1286 883 factum,
1312 844 1533 886 nunquam

165 907 200 949 is
225 908 372 950 animo
400 907 561 967 placari
590 909 733 968 potuit
756 910 799 951 in
824 925 923 952 eum
948 925 972 951 a
999 924 1085 967 quo
1112 917 1206 950 erat
1233 905 1430 949 violatus.
1456 908 1537 949 Ita-

164 1002 248 1045 que
272 988 483 1046 persuasit
510 988 726 1031 Thebanis
752 998 801 1031 ut
821 987 1014 1031 subsidio
1038 985 1268 1030 Thessaliae
1292 986 1536 1046 proficisce-

164 1074 335 1121 rentur,
363 1076 656 1126 tyrannosque
685 1068 776 1127 ejus
802 1066 1082 1127 expellerent.
1108 1066 1245 1126 Cujus
1273 1065 1376 1108 belli
1400 1082 1533 1125 quum

161 1145 199 1187 ei
228 1161 397 1189 summa
421 1155 533 1189 esset
557 1146 678 1201 data,
703 1162 842 1206 eoque
867 1163 967 1189 cum
990 1147 1186 1191 exercitu
1216 1144 1438 1205 profectus
1469 1162 1535 1188 es-

162 1234 248 1279 set,
283 1242 370 1268 non
400 1225 632 1282 dubitavit,
659 1225 787 1269 simul
820 1242 869 1269 ac
905 1226 1130 1286 conspexit
1162 1225 1353 1281 hostem,
1385 1224 1535 1268 confli-

161 1319 274 1363 gere.
300 1307 350 1347 In
368 1322 469 1364 *quo
498 1305 677 1365 proelio,
709 1305 1002 1350 Alexandrum
1038 1315 1087 1348 ut
1110 1305 1439 1357 animadvertit,
1470 1306 1533 1348 in-

160 1400 315 1428 census
354 1385 437 1440 ira,
478 1401 638 1445 equum
679 1385 723 1428 in
757 1402 857 1428 eum
896 1386 1153 1438 concitavit,
1192 1384 1432 1445 proculque
1470 1384 1533 1428 di-

157 1480 329 1523 gressus
365 1481 390 1508 a
430 1465 540 1520 suis,
586 1466 787 1525 conjectu
833 1464 1018 1508 telorum
1059 1464 1283 1508 confossus
1327 1464 1531 1509 concidit⁰

156 1546 301 1603 Atque
322 1544 405 1588 hoc
437 1544 628 1588 secunda
651 1546 834 1588 victoria
869 1544 1051 1599 accidit3
1074 1561 1175 1588 nam
1195 1546 1284 1605 jam
1314 1543 1531 1588 inclinatae

154 1632 278 1666 erant
315 1632 600 1684 tyrannorum
638 1625 783 1684 copiae.
814 1625 917 1680 Quo
950 1624 1087 1679 facto,
1121 1641 1272 1667 omnes
1301 1622 1531 1668 Thessaliae

153 1702 351 1746 civitates
388 1703 667 1747 interfectum
696 1702 950 1764 Pelopidam
991 1704 1164 1747 coronis
1193 1705 1334 1747 aureis
1371 1714 1414 1747 et
1445 1713 1530 1747 sta-

155 1783 241 1827 tuis
263 1785 410 1838 aeneis,
431 1784 677 1845 liberosque
698 1786 790 1845 ejus
819 1784 959 1828 multo
984 1802 1089 1846 agro
1111 1785 1344 1829 donarunt.
