1859 3310
679 215 910 250 CORNELII
941 213 1142 247 NEPOTIS
1174 212 1442 247 PRAEFATIO.

381 301 495 344 cives
529 299 681 343 eodem
715 306 941 340 uterentur
972 296 1170 338 instituto
1195 306 1268 338 :at
1304 295 1345 338 id
1378 294 1553 354 quidem
1585 299 1741 338 nostris

382 394 573 437 moribus
603 391 718 434 nefas
749 390 947 433 habetur.
975 389 1114 432 Laudi
1153 390 1196 432 in
1232 390 1401 433 Graeeia
1435 389 1609 432 ducitur
1636 389 1740 433 ado-

381 486 624 530 lescentulis
641 520 651 540 ,
681 501 810 543 quam
833 483 1043 543 plurimos
1070 483 1228 527 habere
1253 494 1480 527 amatores.
1505 482 1638 527 Nulla
1659 486 1742 526 La-

378 580 612 638 oedaemoni
638 589 725 621 tam
748 588 813 620 est
835 576 992 620 nobilis
1016 578 1164 632 vidua,
1185 594 1279 637 quae
1297 595 1383 621 non
1408 578 1462 621 ad
1483 594 1656 621 scenam
1676 588 1743 620 eat

380 672 576 716 mercede
616 671 843 715 conducta.
889 673 1062 732 Magnis
1097 674 1140 714 in
1174 671 1374 716 laudibus
1410 682 1501 715 tota
1543 672 1629 716 fere
1666 672 1746 715 fuit

379 767 566 821 Graecia,
591 767 802 809 victorem
825 766 1040 827 Olympiae
1067 768 1205 810 citari.
1228 770 1278 811 In
1303 784 1474 811 scenam
1512 784 1614 810 vero
1647 784 1746 827 pro-

378 860 488 916 dire,
514 870 554 903 et
580 859 742 920 populo
772 878 862 904 esse
894 860 1161 921 spectaculo,
1186 862 1347 903 nemini
1383 862 1427 903 in
1455 861 1616 904 eisdem
1645 878 1747 921 gen-

379 956 492 999 tibus
516 955 597 999 fuit
625 955 904 1016 turpitudini.
933 957 1042 1012 Quae
1068 956 1215 998 omnia
1241 955 1356 1015 apud
1388 972 1466 999 nos
1491 956 1650 1015 partim
1683 956 1747 998 in-

378 1050 527 1105 famia,
558 1051 717 1110 partim
752 1049 960 1105 humilia,
984 1060 1114 1109 atque
1142 1050 1194 1092 ab
1221 1050 1445 1093 honestate
1478 1059 1644 1093 remota
1672 1065 1748 1109 po-

379 1154 555 1187 nuntur.
576 1146 742 1188 Contra
756 1162 805 1188 ea
827 1144 1033 1205 pleraque
1057 1146 1217 1188 nostris
1232 1145 1426 1188 moribus
1445 1154 1548 1188 sunt
1569 1143 1748 1199 decora,

379 1256 473 1299 quae
489 1239 606 1300 apud
622 1238 716 1282 illos
735 1240 879 1298 turpia
899 1248 1123 1299 putantur.
1147 1240 1291 1295 Quem
1316 1240 1431 1282 enim
1449 1241 1748 1282 Romanorum

382 1335 519 1395 pudet
546 1351 725 1377 uxorem
754 1334 914 1378 ducere
942 1335 985 1377 in
1020 1333 1301 1378 convivium?
1335 1344 1410 1377 aut
1440 1335 1563 1394 cujus
1593 1344 1749 1377 mater-

377 1428 562 1473 familias
595 1446 684 1472 non
711 1430 902 1489 primum
929 1427 1074 1472 locum
1098 1439 1216 1472 tenet
1243 1429 1421 1486 aedium,
1447 1439 1577 1489 atque
1608 1429 1652 1471 in
1681 1445 1748 1472 ce-

378 1524 579 1569 lebritate
606 1526 830 1570 versatur?
846 1525 964 1585 quod
982 1524 1121 1568 multo
1146 1525 1194 1568 fit
1217 1524 1343 1568 aliter
1371 1526 1414 1568 in
1438 1524 1605 1570 Graecia
1623 1540 1748 1567 :nam

378 1637 519 1680 neque
542 1622 585 1664 in
614 1622 864 1664 convivium
892 1620 1148 1675 adhibetur,
1177 1620 1257 1663 nisi
1281 1620 1650 1680 propinquorum3
1675 1635 1747 1661 ne-

379 1731 462 1774 que
490 1714 628 1770 sedet,
655 1716 736 1758 nisi
767 1716 811 1758 in
835 1716 1042 1758 interiore
1073 1723 1194 1773 parte
1228 1713 1405 1771 aedium,
1435 1731 1528 1775 quae
1557 1731 1750 1776 gynaeco-

378 1811 478 1853 nitis
493 1809 757 1870 appellatur,
772 1828 858 1871 quo
876 1829 1004 1856 nemo
1033 1810 1213 1867 accedit,
1236 1812 1317 1854 nisi
1336 1811 1579 1871 propinqua
1593 1826 1751 1871 cogna-

379 1905 497 1947 tione
535 1905 810 1965 conjunctus.
849 1906 932 1950 Sed
967 1907 1091 1967 plura
1131 1907 1331 1967 persequi
1367 1916 1460 1949 tum
1496 1904 1750 1966 magnitudo

380 1997 612 2042 voluminis
630 2000 852 2060 prohibet,
877 2011 970 2045 tum
994 2002 1236 2058 festinatio,
1261 2012 1310 2045 ut
1330 2018 1380 2044 ea
1401 2000 1635 2062 explicem,
1657 2017 1751 2059 quae

378 2109 554 2137 exorsus
578 2111 687 2137 sum.
714 2096 868 2152 Quare
892 2096 947 2139 ad
970 2099 1244 2158 propositum
1273 2097 1513 2152 veniemus,
1539 2105 1582 2139 et
1601 2096 1644 2139 in
1667 2095 1751 2138 hoc

379 2204 643 2249 exponemus
660 2188 772 2233 libro
794 2191 904 2234 vitas
928 2190 1237 2235 excellentium
1262 2193 1587 2251 imperatorum.
