1859 3310
675 227 944 262 LYSANDER.
1448 230 1490 264 31

120 331 216 375 quae
241 324 338 374 post
356 323 540 357 mortem
564 313 604 354 in
626 311 757 353 domo
773 311 864 370 ejus
885 320 1055 370 reperta
1071 321 1158 365 est,
1181 312 1223 354 in
1243 329 1329 371 qua
1343 314 1494 357 suadet

120 394 459 438 Lacedaemoniis
474 427 485 447 ,
508 401 575 444 ut,
594 391 712 451 regia
733 400 947 450 potestate
968 389 1198 445 dissoluta,
1223 408 1275 434 ex
1293 392 1494 436 omnibus

120 475 209 519 dux
236 473 452 534 deligatur
478 471 532 515 ad
556 470 719 514 bellum
741 471 1009 532 gerendum,
1044 472 1119 515 sed
1148 474 1208 516 ita
1240 474 1420 533 scripta,
1447 484 1492 516 ut

120 558 314 600 Deorum
338 553 560 597 videretur
580 568 822 613 congruere
851 554 1097 607 sententiae,
1117 571 1246 614 quam
1268 553 1340 597 ille
1355 571 1398 598 se
1415 554 1495 598 ha·

118 637 331 690 biturum,
355 634 541 695 pecunia
565 632 701 677 fidens
717 667 728 689 ,
757 650 845 677 non
869 633 1106 679 dubitabat.
1133 638 1258 679 Hanc
1286 636 1324 678 ei
1355 635 1494 695 scrip-

118 717 219 759 sisse
236 714 374 759 Cleon
397 713 752 759 Halicarnasseus
771 713 942 758 dicitur.

179 797 256 839 IV.
281 797 425 855 Atque
459 795 544 838 hoc
584 794 682 838 loco
723 811 810 837 non
844 804 908 838 est
940 795 1291 855 praetereundum
1329 795 1495 839 factum

116 875 406 931 Pharnabazi,
442 875 625 935 satrapis
658 875 779 935 regii.
813 876 929 919 Nam
961 892 1097 934 quum
1125 875 1369 935 Lysander,
1395 892 1496 936 prae-

115 955 254 999 fectus
273 954 441 1011 classis,
460 955 503 998 in
519 953 636 998 bello
658 953 797 998 multa
814 953 1049 998 crudeliter
1072 971 1288 1014 avareque
1308 954 1494 1009 fecisset,

116 1035 255 1095 deque
275 1036 342 1079 his
358 1035 487 1078 rebus
504 1035 799 1094 suspicaretur
819 1034 872 1078 ad
895 1035 1012 1077 cives
1025 1050 1124 1077 suos
1143 1050 1235 1077 esse
1254 1033 1493 1094 perlatum,

115 1115 241 1176 petiit
266 1131 290 1158 a
312 1114 618 1169 Pharnabazo,
641 1123 690 1158 ut
710 1113 765 1157 ad
785 1114 975 1174 ephoros
998 1113 1079 1157 sibi
1098 1114 1401 1158 testimonium
1422 1114 1497 1157 da-

115 1205 200 1251 ret,
218 1206 381 1256 quanta
402 1196 631 1240 sanctitate
648 1193 814 1239 bellum
834 1195 1051 1256 gessisset,
1076 1195 1303 1255 sociosque
1320 1204 1498 1239 tractas-

115 1286 204 1331 set,
228 1276 369 1338 deque
397 1293 446 1321 ea
473 1293 520 1320 re
545 1285 746 1320 accurate
771 1276 1000 1331 scriberet3
1027 1292 1232 1337 magnam
1257 1277 1373 1319 enim
1403 1276 1496 1336 ejus

113 1357 421 1401 auctoritatem
446 1358 489 1400 in
511 1374 561 1401 ea
584 1374 630 1401 re
652 1357 860 1400 futuram.
883 1357 997 1400 Huic
1020 1355 1090 1400 ille
1109 1355 1348 1400 liberaliter
1368 1355 1495 1416 polli-

113 1446 236 1481 cetur
257 1454 265 1480 ε
288 1436 449 1481 librum
479 1454 655 1498 gravem
684 1435 834 1480 multis
859 1436 1004 1480 verbis
1025 1437 1305 1497 conscripsit,
1338 1437 1382 1480 in
1407 1453 1495 1497 quo

113 1520 293 1561 summis
308 1534 407 1561 eum
420 1517 546 1561 effert
564 1516 781 1560 laudibus.
797 1517 941 1573 Quem
963 1534 1099 1577 quum
1117 1516 1292 1578 legisset
1311 1518 1494 1578 probas-

114 1606 284 1657 setque,
306 1596 411 1640 dum
431 1597 705 1658 obsignatur,
726 1596 910 1640 alterum
926 1598 1020 1657 pari
1035 1597 1357 1658 magnitudine,
1374 1607 1497 1641 tanta

114 1676 400 1721 similitudine
427 1687 476 1720 ut
513 1677 703 1721 discerni
727 1694 815 1721 non
837 1688 1007 1738 posset,
1035 1679 1255 1739 signatum
1286 1679 1496 1739 subjecit;

114 1757 158 1800 in
187 1773 275 1817 quo
299 1757 622 1801 accuratissime
651 1758 744 1818 ejus
768 1758 997 1801 avaritiam
1022 1757 1339 1820 perfidiamque
1364 1775 1494 1802 accu-

114 1846 242 1881 sarat.
266 1838 381 1881 Hinc
405 1838 630 1899 Lysander
653 1838 833 1882 domum
857 1855 995 1898 quum
1013 1838 1231 1895 rediisset,
1261 1849 1495 1899 postquam

114 1918 167 1962 de
196 1918 284 1962 suis
313 1918 443 1962 rebus
467 1919 597 1980 gestis
626 1918 743 1979 apud
769 1919 1009 1961 maximum
1039 1920 1368 1979 magistratum,
1400 1936 1496 1979 quae

114 1996 331 2054 voluerat,
361 1997 550 2053 dixerat3
576 1998 816 2042 testimonii
847 1997 941 2041 loco
969 1997 1131 2042 librum
1161 2015 1185 2042 a
1208 1998 1493 2043 Pharnabazo

114 2077 266 2122 datum
298 2077 488 2122 tradidit.
514 2081 661 2135 Hunc,
684 2089 904 2122 summoto
918 2078 1167 2139 Lysandro,
1182 2095 1320 2140 quum
1340 2080 1493 2140 ephori

115 2169 394 2219 cognossent,
421 2161 502 2220 ipsi
527 2158 759 2220 legendum
790 2159 1017 2203 dederunt.
1040 2162 1108 2204 Ita
1133 2158 1206 2204 ille
1239 2161 1495 2222 imprudens

115 2239 205 2298 ipse
225 2255 329 2283 suus
343 2239 426 2284 fuit
452 2250 690 2284 accusator.
