1859 3310
389 212 400 233 1
412 198 455 242 54
823 207 1051 242 CORNELII
1081 206 1285 241 NEPOTIS

383 297 506 348 gator
529 306 590 345 es,
618 306 750 349 quum
778 289 961 333 maluisti
986 290 1157 351 culpam
1185 291 1422 351 deprecari,
1450 307 1578 349 quam
1606 292 1730 353 eulpa

380 383 540 412 vacare.
575 370 683 412 Nam
714 378 855 427 petere
882 370 1047 411 veniam
1075 369 1282 424 solemus,
1308 378 1381 413 aut
1407 386 1541 428 quum
1567 371 1729 430 impru-

380 446 525 490 dentes
548 448 801 501 erravimus,
826 456 899 489 aut
919 464 1052 505 quum
1077 448 1283 508 compulsi
1307 450 1587 509 peccavimus.
1614 449 1729 505 Tibi,

380 525 535 584 inquit,
564 542 639 568 oro
674 535 731 581 te,
762 526 857 585 quis
887 525 1093 586 perpulit,
1121 537 1168 570 ut
1198 528 1239 570 id
1270 528 1577 583 committeres,
1613 528 1729 587 quod

378 605 626 664 priusquam
656 604 834 661 faceres,
860 615 1041 665 peteres,
1071 616 1114 649 ut
1136 607 1440 666 ignosceretur.
1464 627 1483 647 ³)
1510 608 1727 667 Scriptum

378 684 458 726 hoc
490 693 553 727 est
587 684 628 726 in
668 682 776 726 libro
810 683 997 728 Cornelii
1029 686 1209 745 Nepotis
1244 685 1295 727 de
1325 685 1569 728 Illustribus
1599 687 1726 730 Viris.

381 763 560 818 Gellius,
585 780 652 819 x1,
684 764 729 819 83
756 774 799 809 et
820 765 1014 808 Illacrol).
1039 768 1214 809 Satara.
1235 780 1419 825 prooem.
1445 775 1553 809 extr.

770 950 1052 993 CORNELII
1089 950 1333 993 NEPOTIS

711 1088 796 1117 LIB.
828 1088 841 1116 I
872 1088 930 1116 DE
960 1087 1079 1116 VITA
1109 1086 1383 1117 CICERONIS.

432 1238 508 1281 IV.
545 1236 771 1280 Cornelius
802 1238 945 1295 Nepos
975 1246 1017 1279 et
1047 1253 1192 1279 rerum
1223 1237 1439 1279 memoriae
1467 1252 1554 1279 non
1583 1234 1726 1278 indili-

369 1332 489 1377 gens,
517 1325 559 1358 et
587 1317 647 1358 M.
679 1316 921 1368 Ciceronis,
951 1325 997 1358 ut
1025 1316 1098 1375 qui
1123 1316 1327 1370 maxime,
1355 1316 1516 1358 amicus
1543 1314 1726 1358 familia-

368 1395 511 1455 risque
536 1394 630 1438 fuit.
656 1396 800 1454 Atque
826 1395 860 1438 is
884 1404 1026 1438 tamen
1053 1395 1095 1437 in
1122 1394 1262 1454 primo
1286 1394 1517 1450 librorum,
1542 1411 1650 1454 quos
1675 1395 1727 1439 de

368 1474 451 1519 vita
477 1473 591 1518 illius
619 1474 879 1535 composuit,
906 1490 1066 1517 errasse
1090 1473 1276 1528 videtur,
1304 1490 1439 1533 quum
1466 1490 1565 1517 eum
1592 1475 1725 1534 scrip-

367 1554 422 1597 sit
452 1563 536 1598 tres
562 1563 605 1597 et
632 1554 787 1614 viginti
816 1570 949 1597 annos
982 1563 1130 1597 natum
1163 1554 1347 1614 primam
1375 1569 1549 1597 causam
1573 1553 1723 1613 judicii

366 1632 525 1694 publici
543 1634 695 1694 egisse,
720 1635 982 1692 Sextumque
1001 1632 1226 1688 Roscium,
1244 1631 1465 1692 parricidii
1486 1648 1626 1688 reum,
1652 1632 1724 1674 de-
1759 1684 1761 1686 q

367 1711 561 1756 fendisse.
592 1712 773 1765 Gellius,
800 1728 871 1768 xv,
895 1712 967 1768 28,
984 1728 1056 1773 pr.

428 1793 606 1835 Frustra
633 1790 827 1834 Tullium
861 1792 1130 1851 suspicimus.
1161 1791 1309 1834 Refert
1343 1792 1458 1834 euim
1495 1790 1723 1835 Cornelius

364 1871 531 1931 Nepos,
564 1887 608 1915 se
638 1880 864 1931 praesente,
898 1870 1048 1913 iisdem.
1086 1887 1193 1930 pene
1226 1871 1385 1927 verbis,
1421 1872 1576 1931 quibus
1609 1870 1722 1914 edita

364 1959 447 2005 est,
477 1966 570 1993 eam
602 1966 680 2010 pro
713 1949 934 2005 Cornelio,
971 1949 1170 1993 seditioso
1199 1950 1397 2003 tribuno,
1431 1950 1720 1994 defensionem

364 2037 619 2088 peroratam.
649 2028 959 2088 Hieronymus,
991 2030 1110 2089 epist.
1142 2044 1245 2071 LXXI
1273 2029 1340 2071 ad
1362 2029 1718 2081 Pammaclzz'mrz,

362 2124 398 2149 e.
434 2111 475 2162 4.

761 2201 1045 2248 CORNELII
1079 2204 1324 2247 NEPOTIS

646 2342 718 2370 LIB.
745 2343 759 2370 Ι
782 2342 1075 2372 EPISTOLARUM
1101 2343 1158 2371 AD
1184 2343 1439 2374 CICERONEM.

426 2500 477 2542 V.
514 2501 701 2543 Tantum
727 2500 864 2555 abest,
890 2509 938 2543 ut
961 2517 1041 2561 ego
1066 2502 1311 2562 magistram
1339 2517 1428 2544 esse
1452 2510 1597 2560 putem
1623 2502 1716 2544 vitae

364 2576 699 2637 philosophiam,
720 2580 938 2640 beataeque
956 2582 1050 2624 vitae
1068 2581 1357 2641 perfectricem
1372 2615 1382 2632 ,
1405 2590 1449 2624 ut
1475 2580 1601 2623 nullis
1626 2597 1713 2624 ma-
