1859 3310
443 197 670 233 CORNELII
700 196 905 230 NEPOTIS
934 196 1164 231 PHOCION.
1412 212 1425 233 1
1433 212 1479 244 07

117 279 294 324 consilio
314 281 624 325 Demosthenes
648 295 747 323 cum
768 279 940 334 ceteris,
960 280 1034 339 qui
1060 279 1167 322 bene
1187 279 1239 322 de
1262 279 1482 340 republica

115 360 269 402 mereri
295 359 668 412 existimabantur,
695 356 957 419 populiscito
985 358 1029 402 in
1051 356 1247 401 exsilium
1268 368 1391 401 erant
1413 375 1483 403 ex-

114 436 241 498 pulsi.
268 439 419 497 Neque
444 438 487 480 in
518 452 568 479 eo
597 435 735 480 solum
769 435 1033 492 offenderat,
1059 436 1175 496 quod
1200 437 1349 498 patriae
1372 437 1483 482 male

114 515 408 572 consuluerat3
442 515 515 559 sed
544 515 693 572 etiam,
725 515 842 575 quod
874 516 1069 560 amicitiae
1100 515 1229 560 fidem
1260 533 1347 560 non
1374 533 1483 577 prae-

115 596 280 640 stiterat
316 611 327 638 :
366 611 577 655 namque,
612 604 766 638 auctus
806 594 1067 656 adjutusque
1106 613 1130 640 a
1165 596 1482 652 Demosthene,

113 690 232 730 eum,
263 690 392 734 quem
420 674 613 730 tenebat,
643 674 894 718 ascenderat
927 674 1133 736 gradum,
1167 692 1304 736 quum
1332 675 1483 719 adver-

114 770 186 798 sus
222 753 451 798 Charetem
487 770 586 799 eum
622 754 899 811 subornaret3
932 755 986 798 ab
1020 755 1171 800 eodem
1210 756 1253 799 in
1285 755 1482 815 judiciis,

113 850 247 894 quum
274 834 425 895 capitis
454 850 628 879 causam
659 834 842 891 diceret,
878 834 1101 891 defensus,
1126 833 1351 895 aliquoties
1382 833 1485 878 libe-

114 922 232 956 ratus
258 913 508 957 discesserat
534 931 544 957 ε
572 914 689 957 hunc
714 930 802 958 non
829 912 969 958 solum
994 915 1038 958 in
1065 913 1266 975 periculis
1298 930 1387 957 non
1414 913 1485 957 de-

113 991 269 1049 fendit,
295 992 367 1036 sed
392 993 522 1036 etiam
547 992 752 1054 prodidit.
780 993 982 1037 Concidit
1009 1002 1154 1036 autem
1184 992 1369 1035 maxime
1394 1008 1483 1035 uno

113 1072 292 1115 crimine
317 1088 328 1116 ε
357 1071 494 1131 quod,
525 1088 663 1131 quum
688 1071 805 1133 apud
834 1088 934 1115 eum
960 1087 1179 1114 summum
1208 1080 1318 1114 esset
1349 1071 1483 1131 impe-

112 1151 226 1194 rium
250 1149 420 1212 populi,
446 1160 490 1194 et
512 1151 794 1207 Nicanorem,
820 1150 1050 1195 Cassandri
1083 1150 1355 1211 praefectum,
1382 1150 1484 1192 insi—

112 1229 220 1274 diari
246 1231 383 1275 Piraeo
412 1230 740 1276 Atheniensium
768 1247 791 1273 a
817 1228 1019 1291 Dercyllo
1045 1239 1316 1286 moneretur,
1349 1228 1482 1273 idem-

112 1325 196 1370 que
223 1308 488 1371 postularet,
520 1320 569 1353 ut
600 1309 871 1371 provideret,
903 1326 957 1353 ne
990 1309 1301 1353 commeatibus
1334 1308 1483 1351 civitas

113 1390 375 1450 privaretur;
402 1390 492 1446 hic,
518 1389 719 1434 audiente
743 1388 932 1451 populo,
965 1389 1158 1433 Phocion
1189 1388 1362 1448 negavit
1393 1403 1484 1431 esse

114 1467 376 1530 periculum,
411 1486 540 1530 seque
574 1469 666 1529 ejus
701 1470 763 1513 rei
798 1468 990 1512 obsidem
1025 1467 1117 1512 fore
1151 1466 1368 1529 pollicitus
1405 1476 1480 1510 est.

113 1550 264 1609 Neque
297 1550 356 1593 ita
392 1548 530 1593 multo
567 1559 665 1610 post
701 1550 893 1595 Nicanor
929 1549 1066 1592 Piraeo
1102 1557 1166 1591 est
1201 1547 1378 1608 potitus.
1415 1546 1484 1591 Ad

113 1645 241 1689 quem
266 1628 632 1690 recuperandum,
653 1629 743 1672 sine
770 1645 857 1689 quo
882 1628 1062 1672 Athenae
1080 1627 1258 1670 omnino
1285 1642 1374 1668 esse
1394 1642 1483 1669 non

111 1717 315 1769 possunt,
347 1725 482 1769 quum
514 1706 703 1769 populus
732 1717 924 1751 armatus
952 1706 1260 1760 concurrisset3
1294 1703 1364 1748 ille
1394 1721 1483 1747 non

111 1786 241 1831 modo
265 1788 479 1832 neminem
505 1787 560 1831 ad
584 1803 703 1831 arma
723 1788 911 1842 vocavit,
939 1784 1015 1830 sed
1032 1801 1086 1829 ne
1111 1784 1285 1828 armatis
1311 1783 1484 1843 quidem

112 1883 292 1928 praeesse
316 1866 467 1911 voluit.

173 1948 250 1990 ΙΠ.
282 1948 420 1991 Erant
436 1963 487 1991 eo
508 1956 700 2008 tempore
722 1946 904 1990 Athenis
928 1945 1023 1988 duae
1044 1944 1250 1988 factiones
1270 1959 1279 1986 ε
1298 1958 1484 2002 quarum

113 2042 200 2070 una
233 2024 386 2088 populi
423 2042 596 2070 causam
628 2025 802 2086 agebat,
840 2023 973 2068 altera
1009 2023 1292 2084 optimatum;
1327 2022 1371 2064 in
1403 2021 1484 2064 hac

112 2115 203 2150 erat
232 2106 425 2150 Phocion
459 2115 502 2150 et
535 2104 783 2151 Demetrius
815 2102 1064 2148 Phalereus.
1096 2104 1264 2146 Harum
1300 2111 1485 2160 utraque

112 2184 402 2229 Macedonum
434 2184 684 2246 patrociniis
720 2183 953 2227 nitebatur.
986 2183 1098 2227 Nam
1135 2179 1366 2242 populares
1402 2181 1485 2223 Po-

112 2264 403 2325 lysperchonti
438 2264 637 2308 favebant
671 2280 681 2307 :
715 2263 942 2323 optimates
980 2277 1078 2305 cum
1113 2259 1357 2305 Cassandro
1390 2275 1485 2302 sen-

114 2344 290 2388 tiebant.
317 2344 496 2387 Interim
521 2359 544 2387 a
573 2341 939 2403 Polysperchonte
965 2339 1205 2384 Cassander
1228 2337 1485 2382 Macedonia

115 2422 264 2483 pulsus
296 2433 372 2467 est.
405 2424 507 2480 Quo
538 2422 652 2466 facto
689 2419 877 2482 populus
913 2419 1110 2480 superior
1141 2417 1302 2473 factus,
1341 2417 1485 2459 statim

115 2502 244 2546 duces
275 2502 525 2546 adversariae
562 2501 758 2544 factionis
794 2499 944 2559 capitis
983 2497 1207 2541 damnatos
1237 2496 1377 2557 patria
1408 2512 1484 2555 pe-

117 2580 250 2642 pulit,
277 2583 318 2625 in
348 2582 415 2625 his
445 2582 706 2625 Phocionem
735 2589 776 2622 ct
806 2579 1077 2622 Demetrium
1107 2575 1386 2629 Phalereum3
1414 2574 1485 2617 de-
