1859 3310
362 173 430 210 186
705 177 912 213 JOANNIS
942 178 1089 213 HENR.
1122 178 1376 215 SCHLEGEL

407 258 531 294 Alium
556 271 578 294 a
601 271 639 294 se
660 259 867 295 confectum
891 261 1026 296 librum
1049 269 1228 297 memorat
1251 261 1443 297 Cornelius
1466 263 1503 297 in
1529 264 1603 299 vita
1619 265 1721 300 'Dio-

354 319 427 363 nis,
449 332 527 367 cap.
557 320 576 356 3
601 333 609 354 ε
634 320 736 355 «Sed
761 319 806 355 de
834 321 905 356 hoc
926 320 1107 371 (Philisto)
1127 323 1165 357 in
1198 335 1242 358 eo
1273 335 1357 357 meo
1386 323 1483 358 libro
1510 324 1614 371 plura
1641 333 1724 360 sunt

357 381 546 427 exposita,
571 380 634 428 qui
657 382 704 414 de
727 381 907 415 historicis
927 383 1156 430 conscriptus
1178 390 1274 419 est.»
1303 385 1410 419 Hunc
1434 385 1559 419 locum
1580 384 1630 419 ita
1657 397 1724 420 ex-

356 441 568 488 plicandum
587 453 683 484 esse,
702 441 803 487 quod
821 441 945 488 Nepos
966 443 1111 490 scripsit
1130 445 1326 491 separatim
1345 445 1391 480 de
1404 444 1588 480 historicis
1600 446 1724 492 graecis

356 509 390 537 et
410 502 455 537 de
475 501 615 546 latinis,
635 502 805 537 discimus
824 515 843 537 e
863 504 938 538 Jac.
958 503 1056 539 Frid.
1078 504 1314 553 Heusingeri,
1334 506 1525 541 clarissimi
1545 506 1632 551 viri,
1652 506 1726 541 dis-

356 563 568 606 sertatione,
592 576 671 610 quae
693 563 850 598 editioni
871 565 1026 611 Nepotis
1046 565 1287 602 Fischerianae
1310 567 1452 613 adjecta
1470 574 1535 602 est.
1556 568 1590 602 Is
1610 567 1725 611 enim,

356 637 466 671 quum
489 624 635 659 codices
658 624 891 659 bibliothecae
913 626 1206 674 Guelferbytanae
1233 628 1491 674 perlustraret,
1513 628 1726 663 observavit

355 685 392 718 in
414 684 634 732 perantiquo
659 684 719 733 (ad
748 686 909 720 seculum
932 687 1030 721 enim
1053 699 1093 721 xl
1115 687 1302 735 refertur),
1327 689 1390 735 qui
1413 689 1600 724 orationes
1622 689 1725 724 Cice-

354 745 454 780 ronis
479 746 702 793 Philippicas
725 747 908 790 continet,
927 746 1098 794 praefixos
1117 748 1150 782 ei
1174 760 1250 783 esse
1269 749 1430 794 ejusdem
1455 750 1596 784 librarii
1614 762 1725 785 manu

355 807 446 841 duos
465 819 484 841 e
503 807 679 842 Cornelio
699 808 801 843 locos
818 808 1005 855 hucusque
1030 808 1260 856 incognitos,
1281 809 1343 856 qui
1366 810 1416 844 sic
1439 810 1690 846 inscribuntur
1715 824 1722 845 :

357 868 543 903 Cornelius
560 869 683 915 Nepos
708 869 745 903 in
768 869 856 904 libro
881 870 927 904 de
945 869 1128 904 historicis
1151 872 1298 914 latinis,
1320 871 1365 906 de
1389 871 1497 906 laude
1522 871 1723 907 Ciceronis.

354 929 496 976 Plangit
520 929 559 964 in
586 930 711 977 priore
736 931 818 965 loco
842 931 1030 966 Ciceronis
1051 938 1209 967 mortem
1234 939 1512 979 praematuram,
1538 933 1594 968 his
1619 941 1724 968 utens

354 990 476 1025 verbis
500 1004 508 1025 ε
536 992 632 1026 «Ille
663 992 761 1027 enirn
791 992 857 1026 fuit
886 1005 997 1036 unus,
1022 993 1085 1039 qui
1110 993 1294 1040 potuerit,
1322 993 1385 1040 qui
1416 994 1526 1028 etiam
1553 993 1725 1029 debuerit

354 1052 546 1088 historiam
568 1052 680 1099 digna
706 1065 798 1088 voce.
822 1054 1064 1100 pronuntiare
1069 1082 1180 1089 .........
1210 1055 1265 1089 Ex
1290 1067 1363 1101 quo
1395 1055 1548 1098 dubito,
1575 1055 1724 1090 interitu

354 1112 430 1158 ejus
457 1119 576 1147 utrum
605 1126 662 1149 res
695 1114 864 1161 publica,
891 1128 937 1149 an
974 1115 1129 1150 historia
1159 1115 1273 1162 magis
1309 1115 1472 1150 doleat.»
1503 1116 1725 1151 Observavit

353 1173 453 1208 idem
485 1174 753 1222 Heusingerus,
784 1176 949 1211 codicem
975 1177 1141 1211 Cornelii
1171 1177 1326 1223 Nepotis
1356 1177 1394 1211 in
1424 1177 1553 1212 eadem
1584 1177 1723 1212 biblio—

353 1236 475 1279 theca,
498 1248 607 1282 quem
638 1235 712 1271 500
740 1250 922 1272 annorum
953 1238 1120 1282 aestimat,
1155 1251 1239 1272 lanc
1266 1239 1353 1272 vitre
1382 1238 1531 1273 Catonis
1553 1239 1724 1286 praeferre

352 1296 633 1344 inscriptionem
657 1311 664 1332 :
688 1299 910 1345 Excerptum
942 1311 961 1333 e
986 1299 1084 1333 libro
1110 1299 1269 1334 Cornelii
1292 1300 1441 1346 Nepotis
1472 1301 1519 1335 cle
1546 1300 1724 1335 historicis·

353 1358 486 1392 latinis.
516 1357 657 1393 Citatur
687 1360 878 1394 Cornelius
903 1359 942 1393 in
965 1359 1039 1395 vita
1061 1360 1242 1403 Terentii,
1271 1361 1346 1395 sive
1375 1373 1396 1395 a
1424 1361 1574 1396 Donato
1603 1361 1678 1396 sive
1703 1373 1723 1396 a

353 1418 530 1453 Suetonio
549 1420 771 1468 perscripta3
794 1420 952 1456 citantur
972 1434 992 1455 a
1018 1421 1210 1464 Suetonio,
1235 1421 1270 1455 in
1294 1421 1398 1456 libris
1425 1421 1471 1456 de
1494 1421 1600 1456 claris
1618 1422 1721 1456 Rhe-

353 1480 493 1515 torihus
520 1487 555 1516 et
580 1481 625 1517 de
653 1482 760 1518 claris
791 1482 1062 1526 Grammaticis,
1091 1482 1163 1517 loci
1189 1495 1208 1517 e
1237 1482 1428 1525 Cornelio,
1453 1482 1515 1529 qui
1535 1482 1583 1517 ad
1604 1482 1723 1517 histo-

351 1540 444 1576 riam
470 1543 725 1578 Romanorum
748 1543 963 1578 litterariam
988 1550 1165 1590 spectant.
1193 1546 1355 1590 Apparet
1382 1543 1487 1587 inde,
1511 1543 1722 1579 Cornelium

351 1614 430 1636 non
448 1604 565 1638 solum
589 1604 635 1639 de
657 1604 858 1648 historicis,
877 1604 941 1640 sed
960 1604 1070 1640 etiam
1089 1604 1134 1640 de
1154 1604 1234 1639 aliis
1254 1603 1359 1638 claris
1379 1604 1591 1639 auctoribus
1610 1604 1722 1651 scrip-

352 1663 451 1699 sisse.

404 1726 571 1761 Credidit
605 1728 646 1763 G.
675 1729 710 1763 J.
743 1729 914 1771 Vossius,
947 1736 982 1764 et
1011 1735 1096 1776 post
1129 1740 1211 1763 eum
1238 1729 1271 1762 J.
1306 1729 1353 1763 A.
1387 1727 1594 1770 Fabricius,
1626 1739 1720 1761 con—

351 1786 536 1833 scripsisse
562 1789 778 1824 Cornelium
805 1790 1027 1836 singularem
1055 1789 1188 1824 librum
1220 1790 1267 1823 de
1293 1788 1466 1836 Regibus.
1487 1787 1642 1833 ,Vossius
1665 1787 1721 1823 his

349 1848 463 1883 utitur
489 1850 611 1884 verbis
640 1851 677 1885 in
700 1851 775 1886 vita
798 1851 961 1886 Cornelii
981 1864 988 1885 :
1010 1852 1170 1885 «Praeter
1195 1850 1433 1896 imperatores
1458 1848 1610 1883 seorsim
1635 1861 1721 1884 exa—

349 1921 447 1944 rasse
468 1910 607 1945 librum
629 1912 675 1946 de
697 1913 877 1959 Regibus,
899 1919 1117 1959 argumento
1140 1912 1216 1945 haec
1236 1918 1358 1954 erunt,
1378 1923 1456 1957 quae
1477 1910 1721 1944 Timoleontis

348 1970 432 2004 vitae
453 1971 578 2006 subdit
600 1985 609 2007 ε
634 1973 682 2008 Hi
710 1973 784 2008 fere
812 1973 957 2008 fuerunt
981 1973 1128 2008 Graeciae
1155 1973 1274 2020 gentis
1301 1971 1430 2014 duces,
1455 1971 1518 2017 qui
1542 1971 1720 2005 memoria

349 2030 453 2077 digni
478 2033 718 2078 videbantur,
737 2042 869 2080 praeter
891 2046 1007 2081 reges.
1036 2035 1202 2080 Namque
1226 2046 1288 2067 eos
1315 2033 1493 2079 attingere
1517 2032 1720 2074 noluimus,

350 2092 451 2138 quod
479 2093 644 2129 omnium
667 2108 725 2130 res
750 2102 858 2142 gcstae
881 2095 1078 2142 separatim
1109 2102 1191 2129 sunt
1218 2095 1351 2129 relatae.
1378 2094 1506 2140 Neque
1534 2100 1656 2127 tamen
1682 2093 1720 2127 hi

348 2152 551 2188 admodum
573 2163 658 2190 sunt
674 2157 819 2191 multi.»
840 2156 934 2190 Mihi
956 2169 1046 2190 vero
1070 2156 1282 2202 neutiquam
1305 2156 1380 2189 haec
1403 2155 1518 2189 verba
1540 2155 1719 2197 Cornelii,

347 2215 449 2260 quod
473 2217 632 2250 omnium
659 2229 717 2251 res
740 2225 858 2265 gestoe
890 2218 1096 2264 separatim
1129 2224 1212 2251 sunt
1242 2218 1394 2259 νείατα),
1421 2216 1471 2251 ita
1500 2216 1718 2262 explicanda

346 2276 538 2321 videntur,
566 2278 668 2324 quasi
695 2279 743 2313 ad
773 2292 886 2314 unum
927 2280 1103 2313 volumen
1134 2292 1153 2313 a
1190 2291 1227 2313 se
1257 2278 1503 2325 conscriptum
1535 2277 1716 2324 respiciat.

345 2337 599 2373 Monstrosum
624 2340 764 2387 aliquid
798 2348 833 2375 et
860 2341 964 2375 bono
992 2348 1140 2375 auctore
1170 2351 1300 2386 parum
1323 2339 1477 2385 dignum
1500 2338 1612 2373 habet
1637 2338 1718 2371 idea

347 2398 533 2434 scribendi
555 2400 690 2435 librum
717 2403 776 2437 vel
799 2402 1015 2437 historicum
1037 2403 1097 2436 vel
1125 2401 1405 2448 biographicum
1431 2401 1478 2434 de
1499 2400 1657 2447 Regibus
1681 2400 1715 2433 in

346 2471 499 2505 genere,
513 2461 650 2508 absque
670 2464 741 2498 ulla
763 2464 1069 2499 denominatione
1091 2463 1238 2510 populi,
1260 2462 1317 2496 cui
1335 2461 1608 2508 imperaverint.
1629 2461 1717 2494 Tale

347 2521 435 2566 quid
463 2522 637 2557 Cornelio
663 2524 702 2558 in
729 2532 889 2560 mentem
919 2526 1061 2559 venisse
1089 2537 1165 2558 non
1195 2523 1317 2558 credo.
1344 2524 1499 2557 Excusat
1526 2534 1563 2555 sc
1595 2522 1716 2568 polius

347 2582 416 2615 hoc
443 2583 543 2626 loco,
577 2586 678 2630 quod
711 2586 747 2619 in
784 2587 1017 2633 exponendis
1048 2589 1257 2620 Fri-:ecorum
1297 2583 1579 2631 imperatoribus
1613 2595 1715 2630 reges
