1859 3310
570 219 618 252 IN
650 217 791 251 HTAS
823 216 1029 250 EXCELL.
1061 218 1226 252 IMPER,
1510 217 1577 253 231

211 296 338 342 laude,
372 299 490 342 Βωμδν
523 291 770 342 Αὖτομιιτίοις
793 295 854 334 ἐπὶ
868 295 955 334 ταῖς
973 295 1138 347 ’πράξεσι
1158 297 1409 341 constituisse,
1432 299 1585 334 domum

210 350 362 407 ’Λγοιθῷ
376 361 536 406 Δαίμονι
551 371 782 396 consecrasse
795 360 919 394 tradit.
935 360 1056 404 Idem,
1075 360 1112 395 in
1128 359 1267 394 Politic.
1285 359 1480 405 Proecept.,
1498 366 1583 394 tan-

212 428 287 457 tum
319 418 566 467 Αὐτοματίας
582 422 695 457 habet
718 418 816 467 ἱερόν.
831 423 1040 457 Τῑεριωεις.
1055 418 1284 465 Αὐτοματία.
1301 416 1413 468 Τύχη
1426 446 1435 463 ,
1455 419 1493 453 id
1512 427 1585 464 est,

211 492 436 530 spontanea,
455 486 513 520 vel
528 485 696 519 ultronea
710 484 871 519 Fortuna
885 510 895 527 ,
915 484 1009 519 culta
1023 491 1100 519 erat
1118 496 1139 518 a
1157 482 1305 526 Siculis,
1323 488 1363 517 ut
1386 482 1587 515 Automala

215 543 344 581 Velim.
355 547 553 581 Fatebatur
565 545 688 592 itaque
698 544 896 579 Timoleon
910 557 1029 592 neque
1037 545 1086 589 vi,
1098 557 1217 592 neque
1228 543 1423 592 prudentia
1435 555 1510 595 sua,
1524 541 1590 576 sed

206 606 380 642 ,Fortunae
392 607 530 642 auxilio
553 607 677 642 omnia
692 619 730 642 se
744 606 940 654 perfecisse
956 619 963 640 :
978 606 1029 641 sic
1043 607 1239 654 Napoleon
1252 633 1262 651 ,
1281 605 1374 641 (luce
1394 617 1459 640 sua
1471 603 1587 638 stella.

261 667 345 703 Cap.
365 669 410 703 V.
434 669 568 704 Natali
592 669 655 703 die
680 680 759 703 suo.
793 667 878 702 Fuit
902 674 1025 703 autem
1045 668 1177 703 natalis
1200 666 1448 702 Timoleontis
1472 676 1587 699 xxvu

209 728 450 776 thargelionis
478 728 650 779 (aprilis)
681 743 688 764 :
717 742 804 764 nam
828 741 873 765 eo
900 729 1223 777 Carthaginienses
1248 728 1354 772 vicit,
1379 734 1470 762 teste
1500 726 1588 760 Plu-

208 790 346 824 tarcho.
369 792 514 826 Boans.

268 852 539 887 Vadimonium.
567 851 612 888 Id
634 859 699 897 est,
721 852 871 900 adigere
891 865 995 896 eum,
1015 860 1054 887 ut
1072 851 1229 887 vadibus
1250 851 1363 894 datis,
1377 850 1434 884 vel
1456 861 1512 893 se,
1530 848 1587 882 vel

209 912 320 948 *ades
334 913 525 960 injudicio
544 922 646 950 certo
661 914 721 950 die
742 914 920 949 affuturos
939 914 1184 961 promitteret.
1206 912 1473 947 Vadimonium
1492 909 1588 945 enim

207 981 261 1008 est
283 975 436 1022 sponsio
461 989 529 1023 per
552 976 664 1011 vades
683 975 838 1011 sistendi
857 988 894 1010 se
919 975 967 1011 ad
989 982 1128 1010 certum
1147 974 1258 1009 diem.

258 1037 303 1070 In
321 1039 531 1084 gymnasio.
552 1039 696 1084 Corpus
721 1037 798 1083 ejus
824 1038 862 1071 in
885 1038 969 1072 foro
995 1036 1243 1083 sepelierunt,
1267 1046 1426 1081 eumque
1448 1034 1589 1075 locum,

206 1098 442 1133 monumenti
461 1111 587 1142 causa,
608 1098 839 1146 gymnasium
859 1111 936 1134 esse
956 1099 1154 1133 voluerunt
1175 1095 1390 1132 exercendae
1406 1093 1589 1141 juventuti

209 1159 390 1203 dicatum,
412 1160 566 1195 nornine
585 1157 872 1202 Τιμολεόντειον.
894 1161 1150 1194 PLUTARCHUS.

258 1219 504 1256 Timoleontis
516 1221 670 1257 historia
683 1222 761 1269 peti
774 1229 897 1270 potest
911 1234 956 1257 ex
966 1220 1163 1256 Plutarcho
1174 1245 1183 1263 ,
1196 1218 1370 1254 Diodoro
1379 1245 1389 1262 ,
1403 1217 1588 1264 Polyaeno.

205 1282 311 1317 Adde
330 1283 570 1330 Montac'gne,
595 1284 719 1318 Rollin
741 1291 777 1319 et
796 1283 1049 1326 Barthe'lemy.

683 1408 731 1435 IN
767 1407 929 1436 REGUM
964 1407 1105 1436 VITAS.

259 1518 343 1552 CAP.
365 1519 392 1552 I.
423 1518 551 1565 Cyrus.
576 1518 716 1564 Major,
737 1519 928 1566 Cambysis
946 1517 1043 1554 filius
1056 1546 1068 1562 ,
1089 1518 1256 1566 Astyagis
1280 1530 1398 1565 nepos
1411 1544 1420 1562 ‚
1439 1517 1502 1564 qui
1514 1516 1589 1552 im—

205 1578 351 1625 perium
376 1592 397 1614 a
420 1579 542 1615 Medis
570 1580 619 1615 ad
644 1582 773 1616 Persas
800 1580 1006 1625 transtulit,
1031 1586 1067 1615 et
1094 1579 1363 1628 Xenophontis
1382 1578 1591 1627 Cyropedia

206 1639 430 1676 notissimus.

258 1702 405 1737 Darius.
432 1702 504 1746 Qui
528 1702 613 1749 equi
631 1702 780 1737 hinnitu
802 1715 868 1738 rex
888 1710 1029 1737 creatus
1051 1709 1115 1737 est.
1143 1702 1236 1737 Vide
1260 1703 1300 1737 in
1317 1701 1506 1745 Miltiade,
1526 1714 1587 1736 111.

256 1762 476 1798 Macrochir.
509 1765 539 1798 A
573 1775 690 1810 graeca
718 1776 811 1800 voce
841 1761 1240 1813 uoenpo'xetffi-longas
1265 1776 1395 1798 manus
1427 1763 1587 1806 habens,

206 1824 303 1861 unde
322 1825 438 1861 latine
454 1827 707 1874 Longcmanus
727 1826 856 1861 dictus.
883 1826 1038 1870 Strabo,
1057 1825 1122 1860 lib.
1145 1838 1195 1860 xv
1210 1852 1219 1869 ,
1244 1825 1308 1860 sub
1320 1825 1459 1872 finem,
1484 1823 1589 1859 affir-

205 1894 281 1922 mat
302 1887 353 1922 ita
371 1887 512 1922 dictum
535 1888 645 1923 fuisse
672 1888 773 1935 quod
799 1900 918 1936 genua
936 1888 980 1923 iis
1002 1888 1219 1935 contingere
1240 1887 1421 1935 potuerit;
1440 1888 1588 1922 Plutar—

206 1949 312 1993 chus,
338 1949 377 1983 in
399 1949 675 1998 Apoplzthegm.
686 1977 697 1993 ‚
719 1950 820 1997 quod
840 1952 993 1985 alteram
1012 1962 1164 1984 manum
1182 1949 1354 1984 habuerit
1367 1948 1587 1996 longiorem.

205 2010 277 2044 Alii
288 2012 531 2045 Artaxerxem
541 2012 638 2046 male
650 2011 697 2045 ab
705 2011 892 2046 Ardsclzir
899 2011 1043 2058 persico
1055 2010 1131 2056 ejus
1145 2011 1315 2054 nomine,
1325 2023 1370 2045 ex
1379 2012 1591 2045 Artaxerxe

206 2078 384 2119 corrupto
404 2071 562 2115 ducunt,
588 2079 627 2106 ut
646 2072 692 2107 sit
711 2072 932 2107 fortissimus
944 2099 954 2116 ,
980 2085 1048 2107 ceu
1065 2073 1146 2115 leo,
1163 2079 1197 2106 et
1223 2071 1519 2118 potentissimus;
1539 2072 1590 2107 sic

207 2140 245 2167 ut
275 2146 320 2168 ex
352 2145 428 2168 uno
447 2132 621 2177 nomine,
647 2133 722 2169 duo
742 2134 801 2169 vel
826 2140 900 2169 tres
926 2133 1021 2168 forte
1052 2132 1231 2168 finxerint
1258 2133 1394 2177 Graeci,
1419 2134 1585 2175 Xerxes,

206 2195 444 2229 Artaxerxes
479 2201 514 2229 et
555 2195 789 2238 Macrochir;
820 2195 923 2241 quod
962 2194 1187 2242 etymologia
1219 2206 1337 2241 graeca
1380 2192 1587 2229 confirmat.

209 2256 354 2290 Xerxes
385 2254 484 2290 enim
514 2266 676 2299 nomen,
706 2267 822 2302 graece
850 2251 1006 2304 Ξέρξης,
1033 2255 1151 2290 oritur
1168 2268 1188 2289 a
1214 2267 1305 2290 voce
1333 2253 1491 2300 Χερσὸω,
1518 2256 1588 2290 de-

206 2322 341 2351 sertum
364 2316 618 2363 incultumque
638 2316 751 2360 facio,
779 2316 909 2351 desolo
923 2330 933 2360 ;
948 2323 983 2351 et
1004 2328 1134 2351 revera
1153 2316 1300 2350 Xerxes
1323 2317 1416 2351 mari
1438 2325 1474 2352 et
1493 2324 1589 2352 terra

206 2378 363 2424 Europae
391 2377 530 2412 bellum
544 2377 667 2412 intulit
682 2405 690 2421 ‚
713 2377 805 2413 siout
831 2378 944 2413 Attila
958 2405 967 2422 ,
994 2375 1181 2424 flagellum
1204 2377 1290 2421 Dei,
1314 2378 1348 2412 T
1345 2390 1590 2424 anyoxarxes

205 2439 264 2473 vel
293 2439 558 2480 Tanaoxares,
587 2438 686 2473 idem
709 2451 749 2473 ac
773 2440 923 2474 Tanaus
935 2465 947 2482 ‚
978 2451 1045 2473 rex
1072 2437 1228 2485 Scythiae
1249 2439 1549 2485 antiquissimus,
1569 2452 1587 2474 a

213 2501 356 2536 Tanais
377 2498 510 2536 fluvius
525 2527 534 2545 ,
554 2500 652 2535 idem
672 2513 712 2536 ac
731 2502 928 2543 Iaxartes,
955 2501 1016 2535 vel
1039 2497 1221 2536 a'soevoeo'f
1234 2525 1244 2545 ,
1266 2501 1305 2535 in
1324 2501 1478 2548 longum
1502 2512 1589 2549 pro-

204 2570 347 2607 tensus,
368 2559 517 2607 τανύω,
544 2563 615 2598 late
649 2563 811 2598 extendo
826 2591 836 2607 ‚
872 2575 980 2598 sensu
1016 2562 1251 2610 cognominis
1284 2562 1520 2605 Macrochir,
1555 2570 1590 2597 et

209 2626 375 2669 Xerxes,-
391 2625 481 2660 sicut
496 2622 691 2661 Ἀπόλλων
702 2650 714 2670 ,
729 2625 789 2660 vel
808 2622 1038 2670 Ἀπολλύων,
1052 2624 1152 2659 idem
1166 2637 1207 2659 ac
1221 2625 1383 2671 Angelus
1397 2624 1589 2659 Extermi-
