<?xml version="1.0" encoding="UTF-8"?>
<!DOCTYPE html PUBLIC "-//W3C//DTD XHTML 1.0 Transitional//EN"
    "http://www.w3.org/TR/xhtml1/DTD/xhtml1-transitional.dtd">
<html xmlns="http://www.w3.org/1999/xhtml" xml:lang="en" lang="en">
 <head>
  <title>
</title>
<meta http-equiv="Content-Type" content="text/html;charset=utf-8" />
  <meta name='ocr-system' content='tesseract 3.04.00' />
  <meta name='ocr-capabilities' content='ocr_page ocr_carea ocr_par ocr_line ocrx_word'/>
</head>
<body>
  <div class='ocr_page' id='page_1' title='image "./operanepo00nepouoft_0174.png"; bbox 0 0 1859 3310; ppageno 0'>
   <div class='ocr_carea' id='block_1_1' title="bbox 368 221 1430 262">
    <p class='ocr_par' dir='ltr' id='par_1_1' title="bbox 368 221 1430 262">
     <span class='ocr_line' id='line_1_1' title="bbox 368 221 1430 262; baseline 0.005 -5"><span class='ocrx_word' id='word_1_1' title='bbox 368 221 435 257; x_wconf 85' lang='lat'>156</span> <span class='ocrx_word' id='word_1_2' title='bbox 636 222 862 259; x_wconf 83' lang='lat' dir='ltr'>CORNELII</span> <span class='ocrx_word' id='word_1_3' title='bbox 893 225 1095 261; x_wconf 89' lang='lat' dir='ltr'>NEPOTIS</span> <span class='ocrx_word' id='word_1_4' title='bbox 1125 225 1430 262; x_wconf 85' lang='lat' dir='ltr'>FRAGMENTA.</span> 
     </span>
    </p>
   </div>
   <div class='ocr_carea' id='block_1_2' title="bbox 363 306 1711 1388">
    <p class='ocr_par' dir='ltr' id='par_1_2' title="bbox 364 306 1710 747">
     <span class='ocr_line' id='line_1_2' title="bbox 365 306 1704 369; baseline 0.001 -19"><span class='ocrx_word' id='word_1_5' title='bbox 365 306 638 351; x_wconf 85' lang='lat' dir='ltr'>consiliorum</span> <span class='ocrx_word' id='word_1_6' title='bbox 661 308 871 351; x_wconf 84' lang='lat' dir='ltr'>bonorum</span> <span class='ocrx_word' id='word_1_7' title='bbox 892 327 901 351; x_wconf 90' lang='lat'>:</span> <span class='ocrx_word' id='word_1_8' title='bbox 927 310 1081 368; x_wconf 89' lang='lat' dir='ltr'>quibus</span> <span class='ocrx_word' id='word_1_9' title='bbox 1100 311 1173 369; x_wconf 87' lang='lat' dir='ltr'>qui</span> <span class='ocrx_word' id='word_1_10' title='bbox 1191 326 1277 352; x_wconf 89' lang='lat' dir='ltr'>non</span> <span class='ocrx_word' id='word_1_11' title='bbox 1297 309 1447 364; x_wconf 86' lang='lat' dir='ltr'>utitur,</span> <span class='ocrx_word' id='word_1_12' title='bbox 1464 306 1561 351; x_wconf 86' lang='lat' dir='ltr'><strong>felix</strong></span> <span class='ocrx_word' id='word_1_13' title='bbox 1585 308 1704 352; x_wconf 89' lang='lat' dir='ltr'>nullo</span> 
     </span>
     <span class='ocr_line' id='line_1_3' title="bbox 365 387 1706 448; baseline 0.001 -19"><span class='ocrx_word' id='word_1_14' title='bbox 365 396 488 446; x_wconf 86' lang='lat' dir='ltr'>pacto</span> <span class='ocrx_word' id='word_1_15' title='bbox 513 403 600 430; x_wconf 90' lang='lat' dir='ltr'>esse</span> <span class='ocrx_word' id='word_1_16' title='bbox 632 396 781 446; x_wconf 90' lang='lat' dir='ltr'>potest.</span> <span class='ocrx_word' id='word_1_17' title='bbox 816 389 930 447; x_wconf 83' lang='lat' dir='ltr'>Ergo</span> <span class='ocrx_word' id='word_1_18' title='bbox 962 389 1005 430; x_wconf 92' lang='lat' dir='ltr'>in</span> <span class='ocrx_word' id='word_1_19' title='bbox 1041 389 1214 447; x_wconf 84' lang='lat' dir='ltr'>perditis</span> <span class='ocrx_word' id='word_1_20' title='bbox 1246 388 1471 448; x_wconf 87' lang='lat' dir='ltr'>impiisque</span> <span class='ocrx_word' id='word_1_21' title='bbox 1495 387 1706 443; x_wconf 85' lang='lat' dir='ltr'>consiliis,</span> 
     </span>
     <span class='ocr_line' id='line_1_4' title="bbox 366 465 1710 527; baseline 0.001 -19"><span class='ocrx_word' id='word_1_22' title='bbox 366 466 519 524; x_wconf 89' lang='lat' dir='ltr'>quibus</span> <span class='ocrx_word' id='word_1_23' title='bbox 542 467 681 508; x_wconf 83' lang='lat' dir='ltr'>Caesar</span> <span class='ocrx_word' id='word_1_24' title='bbox 703 481 802 508; x_wconf 89' lang='lat' dir='ltr'>usus</span> <span class='ocrx_word' id='word_1_25' title='bbox 829 475 934 521; x_wconf 77' lang='lat' dir='ltr'>erat,</span> <span class='ocrx_word' id='word_1_26' title='bbox 963 465 1080 509; x_wconf 84' lang='lat' dir='ltr'>nulla</span> <span class='ocrx_word' id='word_1_27' title='bbox 1112 468 1250 527; x_wconf 89' lang='lat' dir='ltr'>potuit</span> <span class='ocrx_word' id='word_1_28' title='bbox 1275 484 1361 510; x_wconf 89' lang='lat' dir='ltr'>esse</span> <span class='ocrx_word' id='word_1_29' title='bbox 1386 465 1562 510; x_wconf 89' lang='lat' dir='ltr'>felicitas</span> <span class='ocrx_word' id='word_1_30' title='bbox 1572 483 1583 523; x_wconf 91' lang='lat'>;</span> <span class='ocrx_word' id='word_1_31' title='bbox 1619 465 1710 509; x_wconf 92' lang='lat' dir='ltr'>feli-</span> 
     </span>
     <span class='ocr_line' id='line_1_5' title="bbox 365 543 1708 606; baseline 0.001 -20"><span class='ocrx_word' id='word_1_32' title='bbox 365 545 535 603; x_wconf 88' lang='lat' dir='ltr'>ciorque</span> <span class='ocrx_word' id='word_1_33' title='bbox 557 560 650 586; x_wconf 90' lang='lat' dir='ltr'>meo</span> <span class='ocrx_word' id='word_1_34' title='bbox 670 543 832 602; x_wconf 87' lang='lat' dir='ltr'>judicio</span> <span class='ocrx_word' id='word_1_35' title='bbox 850 544 1056 588; x_wconf 86' lang='lat' dir='ltr'>Camillus</span> <span class='ocrx_word' id='word_1_36' title='bbox 1078 546 1274 602; x_wconf 81' lang='lat' dir='ltr'>exulans,</span> <span class='ocrx_word' id='word_1_37' title='bbox 1296 562 1423 606; x_wconf 89' lang='lat' dir='ltr'>quam</span> <span class='ocrx_word' id='word_1_38' title='bbox 1444 546 1708 606; x_wconf 87' lang='lat' dir='ltr'>temporibus</span> 
     </span>
     <span class='ocr_line' id='line_1_6' title="bbox 364 621 1709 684; baseline 0.001 -20"><span class='ocrx_word' id='word_1_39' title='bbox 364 621 512 665; x_wconf 89' lang='lat' dir='ltr'>iisdem</span> <span class='ocrx_word' id='word_1_40' title='bbox 541 621 747 677; x_wconf 87' lang='lat' dir='ltr'>Manlius,</span> <span class='ocrx_word' id='word_1_41' title='bbox 772 623 957 678; x_wconf 87' lang='lat' dir='ltr'>etiamsi,</span> <span class='ocrx_word' id='word_1_42' title='bbox 982 623 1025 666; x_wconf 92' lang='lat' dir='ltr'>id</span> <span class='ocrx_word' id='word_1_43' title='bbox 1051 624 1168 684; x_wconf 93' lang='lat' dir='ltr'>quod</span> <span class='ocrx_word' id='word_1_44' title='bbox 1191 625 1405 683; x_wconf 84' lang='lat' dir='ltr'>cupierat,</span> <span class='ocrx_word' id='word_1_45' title='bbox 1429 640 1607 684; x_wconf 84' lang='lat' dir='ltr'>regnare</span> <span class='ocrx_word' id='word_1_46' title='bbox 1631 639 1709 684; x_wconf 92' lang='lat' dir='ltr'>po-</span> 
     </span>
     <span class='ocr_line' id='line_1_7' title="bbox 364 700 1320 747; baseline 0.002 -4"><span class='ocrx_word' id='word_1_47' title='bbox 364 700 523 743; x_wconf 90' lang='lat' dir='ltr'>tuisset.</span> <span class='ocrx_word' id='word_1_48' title='bbox 545 702 768 744; x_wconf 76' lang='lat' dir='ltr'>Ammian.</span> <span class='ocrx_word' id='word_1_49' title='bbox 795 701 986 746; x_wconf 80' lang='lat' dir='ltr'>Marcell.</span> <span class='ocrx_word' id='word_1_50' title='bbox 1015 701 1085 746; x_wconf 89' lang='lat' dir='ltr'>lib.</span> <span class='ocrx_word' id='word_1_51' title='bbox 1114 719 1187 746; x_wconf 83' lang='lat' dir='ltr'>xx1</span> <span class='ocrx_word' id='word_1_52' title='bbox 1211 713 1320 747; x_wconf 81' lang='lat' dir='ltr'>extr.</span> 
     </span>
    </p>

    <p class='ocr_par' dir='ltr' id='par_1_3' title="bbox 363 779 1711 1157">
     <span class='ocr_line' id='line_1_8' title="bbox 425 779 1710 843; baseline 0.003 -22"><span class='ocrx_word' id='word_1_53' title='bbox 425 781 524 822; x_wconf 87' lang='lat' dir='ltr'>Haec</span> <span class='ocrx_word' id='word_1_54' title='bbox 557 779 751 839; x_wconf 89' lang='lat' dir='ltr'>quidam,</span> <span class='ocrx_word' id='word_1_55' title='bbox 787 790 978 824; x_wconf 85' lang='lat' dir='ltr'>veterum</span> <span class='ocrx_word' id='word_1_56' title='bbox 1015 781 1314 837; x_wconf 83' lang='lat' dir='ltr'>formidantes,</span> <span class='ocrx_word' id='word_1_57' title='bbox 1352 781 1616 843; x_wconf 80' lang='lat' dir='ltr'>cognitiones</span> <span class='ocrx_word' id='word_1_58' title='bbox 1644 798 1710 825; x_wconf 85' lang='lat' dir='ltr'>ac-</span> 
     </span>
     <span class='ocr_line' id='line_1_9' title="bbox 365 858 1710 921; baseline 0.002 -20"><span class='ocrx_word' id='word_1_59' title='bbox 365 869 486 902; x_wconf 87' lang='lat' dir='ltr'>tuum</span> <span class='ocrx_word' id='word_1_60' title='bbox 511 859 752 915; x_wconf 84' lang='lat' dir='ltr'>variorum,</span> <span class='ocrx_word' id='word_1_61' title='bbox 779 858 896 918; x_wconf 83' lang='lat' dir='ltr'>stylis</span> <span class='ocrx_word' id='word_1_62' title='bbox 922 859 1123 903; x_wconf 78' lang='lat' dir='ltr'>uberibus</span> <span class='ocrx_word' id='word_1_63' title='bbox 1155 859 1402 921; x_wconf 84' lang='lat' dir='ltr'>explicatas,</span> <span class='ocrx_word' id='word_1_64' title='bbox 1429 877 1516 904; x_wconf 91' lang='lat' dir='ltr'>non</span> <span class='ocrx_word' id='word_1_65' title='bbox 1541 860 1710 904; x_wconf 87' lang='lat' dir='ltr'>edidere</span> 
     </span>
     <span class='ocr_line' id='line_1_10' title="bbox 364 937 1711 999; baseline 0.001 -19"><span class='ocrx_word' id='word_1_66' title='bbox 364 938 633 998; x_wconf 83' lang='lat' dir='ltr'>superstites,</span> <span class='ocrx_word' id='word_1_67' title='bbox 659 947 706 980; x_wconf 90' lang='lat' dir='ltr'>ut</span> <span class='ocrx_word' id='word_1_68' title='bbox 731 937 775 980; x_wconf 92' lang='lat' dir='ltr'>in</span> <span class='ocrx_word' id='word_1_69' title='bbox 799 937 984 997; x_wconf 85' lang='lat' dir='ltr'>quadam</span> <span class='ocrx_word' id='word_1_70' title='bbox 1010 938 1063 981; x_wconf 84' lang='lat' dir='ltr'>ad</span> <span class='ocrx_word' id='word_1_71' title='bbox 1092 939 1341 983; x_wconf 90' lang='lat' dir='ltr'>Cornelium</span> <span class='ocrx_word' id='word_1_72' title='bbox 1368 940 1579 999; x_wconf 91' lang='lat' dir='ltr'>Nepotem</span> <span class='ocrx_word' id='word_1_73' title='bbox 1605 939 1711 999; x_wconf 88' lang='lat' dir='ltr'>epis-</span> 
     </span>
     <span class='ocr_line' id='line_1_11' title="bbox 363 1015 1711 1076; baseline 0.001 -17"><span class='ocrx_word' id='word_1_74' title='bbox 363 1015 451 1060; x_wconf 83' lang='lat' dir='ltr'>tola</span> <span class='ocrx_word' id='word_1_75' title='bbox 485 1015 649 1060; x_wconf 90' lang='lat' dir='ltr'>Tullius</span> <span class='ocrx_word' id='word_1_76' title='bbox 685 1033 873 1076; x_wconf 88' lang='lat' dir='ltr'>quoque,</span> <span class='ocrx_word' id='word_1_77' title='bbox 905 1018 1022 1061; x_wconf 84' lang='lat' dir='ltr'>testis</span> <span class='ocrx_word' id='word_1_78' title='bbox 1056 1018 1334 1074; x_wconf 87' lang='lat' dir='ltr'>reverendus,</span> <span class='ocrx_word' id='word_1_79' title='bbox 1368 1018 1564 1062; x_wconf 85' lang='lat' dir='ltr'>affirmat.</span> <span class='ocrx_word' id='word_1_80' title='bbox 1600 1020 1711 1062; x_wconf 90' lang='lat' dir='ltr'>Am-</span> 
     </span>
     <span class='ocr_line' id='line_1_12' title="bbox 365 1095 1128 1157; baseline 0.003 -19"><span class='ocrx_word' id='word_1_81' title='bbox 365 1096 496 1139; x_wconf 81' lang='lat' dir='ltr'>mian.</span> <span class='ocrx_word' id='word_1_82' title='bbox 522 1095 717 1140; x_wconf 79' lang='lat' dir='ltr'>Marcell.</span> <span class='ocrx_word' id='word_1_83' title='bbox 743 1095 814 1140; x_wconf 87' lang='lat' dir='ltr'>lib.</span> <span class='ocrx_word' id='word_1_84' title='bbox 841 1112 965 1153; x_wconf 80' lang='lat' dir='ltr'>xxvl,</span> <span class='ocrx_word' id='word_1_85' title='bbox 983 1098 1128 1157; x_wconf 73' lang='lat' dir='ltr'>princ.</span> 
     </span>
    </p>

    <p class='ocr_par' dir='ltr' id='par_1_4' title="bbox 364 1173 1710 1388">
     <span class='ocr_line' id='line_1_13' title="bbox 426 1173 1710 1236; baseline 0 -18"><span class='ocrx_word' id='word_1_86' title='bbox 426 1175 652 1218; x_wconf 85' lang='lat' dir='ltr'>Sententiae</span> <span class='ocrx_word' id='word_1_87' title='bbox 687 1173 800 1218; x_wconf 92' lang='lat' dir='ltr'>illius</span> <span class='ocrx_word' id='word_1_88' title='bbox 825 1174 1031 1218; x_wconf 81' lang='lat' dir='ltr'>Tullianae</span> <span class='ocrx_word' id='word_1_89' title='bbox 1058 1176 1256 1236; x_wconf 83' lang='lat' dir='ltr'>ignarus,</span> <span class='ocrx_word' id='word_1_90' title='bbox 1286 1175 1494 1231; x_wconf 89' lang='lat' dir='ltr'>docentis,</span> <span class='ocrx_word' id='word_1_91' title='bbox 1525 1174 1710 1219; x_wconf 85' lang='lat' dir='ltr'>infelices</span> 
     </span>
     <span class='ocr_line' id='line_1_14' title="bbox 364 1253 1710 1312; baseline 0.001 -15"><span class='ocrx_word' id='word_1_92' title='bbox 364 1269 450 1297; x_wconf 85' lang='lat' dir='ltr'>esse</span> <span class='ocrx_word' id='word_1_93' title='bbox 475 1269 564 1310; x_wconf 92' lang='lat' dir='ltr'>eos,</span> <span class='ocrx_word' id='word_1_94' title='bbox 599 1253 672 1312; x_wconf 92' lang='lat' dir='ltr'>qui</span> <span class='ocrx_word' id='word_1_95' title='bbox 699 1254 845 1296; x_wconf 82' lang='lat' dir='ltr'>omnia</span> <span class='ocrx_word' id='word_1_96' title='bbox 875 1253 954 1297; x_wconf 90' lang='lat' dir='ltr'>sibi</span> <span class='ocrx_word' id='word_1_97' title='bbox 984 1253 1110 1297; x_wconf 86' lang='lat' dir='ltr'>licere</span> <span class='ocrx_word' id='word_1_98' title='bbox 1140 1255 1452 1299; x_wconf 82' lang='lat' dir='ltr'>existimarunt.</span> <span class='ocrx_word' id='word_1_99' title='bbox 1482 1255 1710 1299; x_wconf 82' lang='lat' dir='ltr'>Ammian.</span> 
     </span>
     <span class='ocr_line' id='line_1_15' title="bbox 364 1320 943 1388; baseline 0 -14"><span class='ocrx_word' id='word_1_100' title='bbox 364 1331 559 1375; x_wconf 83' lang='lat' dir='ltr'>Marcell.</span> <span class='ocrx_word' id='word_1_101' title='bbox 584 1330 657 1375; x_wconf 93' lang='lat' dir='ltr'>lib.</span> <span class='ocrx_word' id='word_1_102' title='bbox 682 1347 811 1388; x_wconf 85' lang='lat' dir='ltr'>xxv1,</span> <span class='ocrx_word' id='word_1_103' title='bbox 836 1320 943 1375; x_wconf 71' lang='lat' dir='ltr'>extr.</span> 
     </span>
    </p>
   </div>
   <div class='ocr_carea' id='block_1_3' title="bbox 758 1517 1319 1585">
    <p class='ocr_par' dir='ltr' id='par_1_5' title="bbox 758 1517 1319 1585">
     <span class='ocr_line' id='line_1_16' title="bbox 758 1517 1319 1585; baseline 0.004 -26"><span class='ocrx_word' id='word_1_104' title='bbox 758 1517 906 1560; x_wconf 89' lang='lat' dir='ltr'>IDEM</span> <span class='ocrx_word' id='word_1_105' title='bbox 942 1518 1022 1560; x_wconf 89' lang='lat' dir='ltr'>AD</span> <span class='ocrx_word' id='word_1_106' title='bbox 1057 1518 1319 1585; x_wconf 76' lang='lat' dir='ltr'>ATTICUM</span> 
     </span>
    </p>
   </div>
   <div class='ocr_carea' id='block_1_4' title="bbox 916 1653 1167 1685">
    <p class='ocr_par' dir='ltr' id='par_1_6' title="bbox 916 1653 1167 1685">
     <span class='ocr_line' id='line_1_17' title="bbox 916 1653 1167 1685; baseline 0.004 -2"><span class='ocrx_word' id='word_1_107' title='bbox 916 1654 970 1683; x_wconf 90' lang='lat' dir='ltr'>DE</span> <span class='ocrx_word' id='word_1_108' title='bbox 994 1653 1167 1685; x_wconf 88' lang='lat' dir='ltr'>NEPOTE.</span> 
     </span>
    </p>
   </div>
   <div class='ocr_carea' id='block_1_5' title="bbox 366 1801 1716 2258">
    <p class='ocr_par' dir='ltr' id='par_1_7' title="bbox 367 1801 1716 2111">
     <span class='ocr_line' id='line_1_18' title="bbox 427 1801 1714 1865; baseline -0.004 -17"><span class='ocrx_word' id='word_1_109' title='bbox 427 1805 605 1865; x_wconf 85' lang='lat' dir='ltr'>Nepotis</span> <span class='ocrx_word' id='word_1_110' title='bbox 641 1803 861 1864; x_wconf 85' lang='lat' dir='ltr'>epistolam</span> <span class='ocrx_word' id='word_1_111' title='bbox 901 1812 1109 1864; x_wconf 86' lang='lat' dir='ltr'>exspecto.</span> <span class='ocrx_word' id='word_1_112' title='bbox 1145 1802 1338 1863; x_wconf 90' lang='lat' dir='ltr'>Cupidus</span> <span class='ocrx_word' id='word_1_113' title='bbox 1382 1801 1452 1845; x_wconf 92' lang='lat' dir='ltr'>ille</span> <span class='ocrx_word' id='word_1_114' title='bbox 1496 1816 1714 1855; x_wconf 86' lang='lat' dir='ltr'>meorum,</span> 
     </span>
     <span class='ocr_line' id='line_1_19' title="bbox 367 1879 1716 1943; baseline -0.003 -17"><span class='ocrx_word' id='word_1_115' title='bbox 367 1884 440 1943; x_wconf 91' lang='lat' dir='ltr'>qui</span> <span class='ocrx_word' id='word_1_116' title='bbox 464 1899 532 1937; x_wconf 88' lang='lat' dir='ltr'>ea,</span> <span class='ocrx_word' id='word_1_117' title='bbox 560 1883 715 1943; x_wconf 89' lang='lat' dir='ltr'>quibus</span> <span class='ocrx_word' id='word_1_118' title='bbox 747 1884 929 1926; x_wconf 84' lang='lat' dir='ltr'>maxime</span> <span class='ocrx_word' id='word_1_119' title='bbox 956 1880 1131 1939; x_wconf 68' lang='grc' dir='ltr'><em>γαυριῶ,</em></span> <span class='ocrx_word' id='word_1_120' title='bbox 1158 1880 1338 1942; x_wconf 84' lang='lat' dir='ltr'>legenda</span> <span class='ocrx_word' id='word_1_121' title='bbox 1365 1898 1452 1924; x_wconf 90' lang='lat' dir='ltr'>non</span> <span class='ocrx_word' id='word_1_122' title='bbox 1479 1879 1635 1941; x_wconf 78' lang='lat' dir='ltr'>putet?</span> <span class='ocrx_word' id='word_1_123' title='bbox 1661 1881 1716 1923; x_wconf 90' lang='lat' dir='ltr'>Et</span> 
     </span>
     <span class='ocr_line' id='line_1_20' title="bbox 367 1954 1713 2025; baseline -0.003 -19"><span class='ocrx_word' id='word_1_124' title='bbox 367 1964 426 2006; x_wconf 86' lang='lat' dir='ltr'>ais</span> <span class='ocrx_word' id='word_1_125' title='bbox 442 1958 747 2025; x_wconf 73' lang='grc' dir='ltr'><em>μετ’ἀμῦμονα.</em></span> <span class='ocrx_word' id='word_1_126' title='bbox 767 1965 832 2006; x_wconf 92' lang='lat' dir='ltr'>Tu</span> <span class='ocrx_word' id='word_1_127' title='bbox 858 1979 958 2006; x_wconf 84' lang='lat' dir='ltr'>vero</span> <span class='ocrx_word' id='word_1_128' title='bbox 987 1957 1181 2021; x_wconf 67' lang='grc' dir='ltr'><em>ἀμύμων,</em></span> <span class='ocrx_word' id='word_1_129' title='bbox 1204 1961 1273 2005; x_wconf 89' lang='lat' dir='ltr'>ille</span> <span class='ocrx_word' id='word_1_130' title='bbox 1301 1960 1475 2021; x_wconf 89' lang='lat' dir='ltr'>quidem</span> <span class='ocrx_word' id='word_1_131' title='bbox 1499 1954 1713 2019; x_wconf 62' lang='grc' dir='ltr'><strong><em>ἔμ’ἓροτος.</em></strong></span> 
     </span>
     <span class='ocr_line' id='line_1_21' title="bbox 367 2041 880 2111; baseline 0.002 -27"><span class='ocrx_word' id='word_1_132' title='bbox 367 2041 460 2085; x_wconf 86' lang='lat' dir='ltr'>Lib.</span> <span class='ocrx_word' id='word_1_133' title='bbox 486 2057 586 2098; x_wconf 79' lang='lat' dir='ltr'>XVI,</span> <span class='ocrx_word' id='word_1_134' title='bbox 610 2059 676 2102; x_wconf 87' lang='lat' dir='ltr'>ep.</span> <span class='ocrx_word' id='word_1_135' title='bbox 703 2041 743 2085; x_wconf 88' lang='grc'>5.</span> <span class='ocrx_word' id='word_1_136' title='bbox 866 2095 880 2111; x_wconf 74' lang='lat'>,</span> 
     </span>
    </p>

    <p class='ocr_par' dir='ltr' id='par_1_8' title="bbox 366 2117 1715 2258">
     <span class='ocr_line' id='line_1_22' title="bbox 429 2117 1715 2180; baseline -0.002 -16"><span class='ocrx_word' id='word_1_137' title='bbox 429 2118 543 2164; x_wconf 83' lang='lat' dir='ltr'>Male</span> <span class='ocrx_word' id='word_1_138' title='bbox 560 2136 707 2164; x_wconf 79' lang='lat' dir='ltr'>narras</span> <span class='ocrx_word' id='word_1_139' title='bbox 725 2119 776 2164; x_wconf 86' lang='lat' dir='ltr'>de</span> <span class='ocrx_word' id='word_1_140' title='bbox 794 2120 974 2180; x_wconf 88' lang='lat' dir='ltr'>Nepotis</span> <span class='ocrx_word' id='word_1_141' title='bbox 991 2119 1092 2163; x_wconf 91' lang='lat' dir='ltr'>filio.</span> <span class='ocrx_word' id='word_1_142' title='bbox 1112 2119 1250 2164; x_wconf 88' lang='lat' dir='ltr'>Valde</span> <span class='ocrx_word' id='word_1_143' title='bbox 1267 2117 1508 2163; x_wconf 83' lang='lat' dir='ltr'>mehercule</span> <span class='ocrx_word' id='word_1_144' title='bbox 1525 2133 1715 2174; x_wconf 87' lang='lat' dir='ltr'>moveor,</span> 
     </span>
     <span class='ocr_line' id='line_1_23' title="bbox 366 2198 1714 2258; baseline -0.002 -16"><span class='ocrx_word' id='word_1_145' title='bbox 366 2208 409 2242; x_wconf 87' lang='lat' dir='ltr'>et</span> <span class='ocrx_word' id='word_1_146' title='bbox 432 2198 606 2243; x_wconf 91' lang='lat' dir='ltr'>moleste</span> <span class='ocrx_word' id='word_1_147' title='bbox 628 2199 730 2243; x_wconf 85' lang='lat' dir='ltr'>fero.</span> <span class='ocrx_word' id='word_1_148' title='bbox 757 2200 1000 2244; x_wconf 86' lang='lat' dir='ltr'>Nescieram</span> <span class='ocrx_word' id='word_1_149' title='bbox 1027 2199 1224 2255; x_wconf 89' lang='lat' dir='ltr'>omnino,</span> <span class='ocrx_word' id='word_1_150' title='bbox 1253 2214 1341 2243; x_wconf 90' lang='lat' dir='ltr'>esse</span> <span class='ocrx_word' id='word_1_151' title='bbox 1365 2199 1492 2241; x_wconf 87' lang='lat' dir='ltr'>istum</span> <span class='ocrx_word' id='word_1_152' title='bbox 1519 2213 1714 2258; x_wconf 86' lang='lat' dir='ltr'>puerum.</span> 
     </span>
    </p>
   </div>
   <div class='ocr_carea' id='block_1_6' title="bbox 368 2276 724 2338">
    <p class='ocr_par' dir='ltr' id='par_1_9' title="bbox 368 2276 724 2338">
     <span class='ocr_line' id='line_1_24' title="bbox 368 2276 724 2338; baseline -0.003 -17"><span class='ocrx_word' id='word_1_153' title='bbox 368 2276 478 2321; x_wconf 77' lang='lat' dir='ltr'>Ibid.</span> <span class='ocrx_word' id='word_1_154' title='bbox 512 2277 627 2338; x_wconf 73' lang='lat' dir='ltr'>epist.</span> <span class='ocrx_word' id='word_1_155' title='bbox 658 2294 672 2322; x_wconf 94' lang='lat'>1</span> <span class='ocrx_word' id='word_1_156' title='bbox 683 2280 724 2332; x_wconf 72' lang='grc'>4.</span> 
     </span>
    </p>
   </div>
  </div>
 </body>
</html>
