1859 3310
592 188 1012 223 OBSERVATIONES.
1414 207 1426 229 1
1437 196 1457 230 8
1466 209 1482 240 7

119 270 240 306 studio
262 270 554 319 praetermiserit,
577 278 611 306 et
638 271 728 305 tales
756 270 904 317 quidem
926 283 1050 319 reges,
1075 272 1138 319 qui
1160 285 1237 308 non
1259 276 1427 321 nomine,
1449 286 1488 313 ut

117 330 400 376 Lacedaemonii,
419 333 483 367 sed
503 344 631 367 revera
648 331 751 379 regia
773 331 952 379 dignitate
976 333 1193 379 utebantur,
1216 342 1252 370 et
1274 337 1406 383 quibus
1430 339 1486 373 lo-

117 404 178 427 cus
197 393 293 429 inter
313 394 552 441 imperatores
575 393 834 429 celeberrimos
858 395 1033 442 assignari
1057 395 1254 431 debuisset.
1275 397 1486 445 Philippum

115 454 289 502 intelligit
316 463 352 490 et
379 455 655 501 Alexandrum,
687 463 723 490 et
751 457 958 503 complures
990 457 1086 492 inter
1117 458 1317 494 Alexandri
1344 472 1485 494 succes-

117 528 233 560 sores,
251 517 494 552 Cassandrum
513 529 662 564 nempe,
680 518 911 564 Antigonum
931 525 965 553 et
984 519 1213 554 Demetrium
1231 520 1465 555 Poliorceten
1477 548 1486 564 ,

115 578 388 625 Lysimachum,
410 578 618 623 Seleucum,
638 579 895 623 Ptolemaeum,
917 581 1108 627 Pyrrhum.
1129 581 1177 615 Hi
1196 581 1312 626 enim,
1335 582 1485 617 militari

115 639 250 685 gloria,
269 645 304 674 et
322 651 444 674 rerum
465 647 648 687 gestarum
668 641 925 688 magnitudine
937 668 946 685 ,
970 641 1082 676 cuivis
1102 643 1351 689 antiquiorum
1370 643 1485 690 impe-

113 706 278 735 ratorum
303 701 437 736 merito
460 701 740 748 aequiparantur.
763 703 862 738 Dicit
889 715 1003 750 porro
1027 704 1220 738 Cornelius
1247 717 1255 738 :
1280 705 1406 751 Neque
1429 712 1485 738 ta-

114 773 196 796 men
214 761 258 796 lu·
272 763 471 797 admodum
491 770 577 797 sunt
592 765 704 798 multi.
725 765 891 811 Namque
911 764 1007 799 inter
1027 772 1220 812 sequentes
1238 765 1484 809 Macedoniae‚

112 823 224 870 Syriae
251 830 287 858 et
306 824 457 871 AEgypti
480 837 585 872 reges
608 826 810 860 admodum
832 826 939 872 pauci
966 826 1076 861 rebus
1101 839 1120 861 a
1145 839 1182 861 se
1208 826 1296 873 ipsis
1323 826 1362 860 in
1383 827 1483 861 bello

113 884 222 931 gestis
243 884 502 921 inclaruerunt.
523 887 629 921 Tales
647 894 729 921 sunt
753 887 944 934 Philippus
973 894 1008 922 et
1033 887 1260 930 Antiochus,
1286 887 1351 933 qui
1372 887 1483 922 ambo

113 945 220 981 hellis
242 954 371 982 contra
391 947 533 982 vicinos
551 948 710 995 populos
729 960 900 995 magnam
920 949 991 983 sibi
1010 948 1145 982 famam
1164 954 1402 995 paraverant,
1420 948 1484 982 sed

113 1015 242 1043 contra
266 1010 475 1053 Romanos,
503 1009 646 1056 ingenti
670 1010 755 1044 licet
785 1017 978 1056 apparatu,
1009 1010 1103 1044 male
1127 1021 1185 1044 res
1217 1015 1424 1056 gesserunt,
1449 1016 1484 1043 et

113 1069 326 1104 Ptolemaeus
346 1071 560 1117 EvergeteS‚
580 1070 643 1117 qui
661 1070 897 1117 Cyrenaicam
917 1070 1070 1114 devicit,
1089 1070 1168 1117 ipse
1189 1070 1262 1105 dux
1282 1070 1480 1117 copiarum.

113 1131 201 1165 Non
221 1130 272 1164 ait
296 1131 509 1175 Cornelius,
527 1144 564 1166 se
585 1132 705 1178 ipsum
728 1132 860 1166 horum
883 1144 1013 1178 regum
1040 1132 1222 1176 omnium,
1243 1132 1304 1178 qui
1326 1131 1483 1178 impera-

111 1191 255 1226 toribus
276 1193 511 1228 annumerari
528 1200 702 1240 possunt,
726 1205 783 1227 res
803 1200 920 1239 gestas
938 1205 1014 1227 uno
1033 1193 1222 1228 volumine
1242 1193 1482 1240 comprehen-

112 1253 226 1299 disse,
248 1254 313 1290 sed
335 1255 436 1302 quod
461 1255 627 1290 omnium
654 1267 712 1290 res
736 1262 845 1302 gestae
866 1256 1073 1302 separatim
1096 1262 1180 1289 sunt
1201 1255 1341 1298 relatae,
1368 1250 1406 1288 id
1433 1261 1484 1284 est

112 1328 132 1350 a
159 1315 315 1351 diversis
343 1316 569 1361 auctoribus,
596 1323 682 1351 tunc
706 1316 883 1363 temporis
916 1316 1004 1362 vulg
1055 1315 1212 1363 cognitis
1244 1323 1278 1351 et
1303 1315 1483 1362 probatis.

112 1378 199 1412 Non
230 1378 328 1413 enim
359 1385 412 1413 est
436 1378 701 1422 dubitandum,
729 1377 907 1412 exstitisse
930 1384 1013 1412 ante
1036 1377 1250 1412 Cornelium
1276 1379 1487 1421 complures

111 1439 227 1474 libros
248 1439 403 1484 latinos,
433 1440 494 1487 qui
525 1453 636 1487 quum
660 1440 824 1487 Philippi
859 1446 893 1474 et
919 1439 1140 1483 Alexandri,
1164 1447 1241 1474 tum
1266 1439 1371 1474 etiam
1401 1450 1486 1483 pos-

112 1500 288 1535 teriorum
315 1513 444 1549 regum
474 1502 647 1537 historias
679 1502 939 1545 continebant,
969 1514 1052 1536 cum
1080 1501 1212 1548 quibus
1240 1500 1402 1536 Romani
1427 1501 1483 1534 vel

111 1561 308 1597 amicitiam
329 1564 542 1607 coluerunt,
561 1564 620 1598 vel
645 1564 742 1598 bella
765 1570 963 1609 gesserunt.
984 1563 1036 1598 Ea
1055 1563 1153 1597 enim
1173 1562 1264 1597 scire
1286 1564 1482 1597 Romano—

110 1635 191 1657 rum
212 1624 328 1659 multo
352 1625 469 1672 magis
496 1625 688 1668 intererat,
715 1637 824 1671 quam
848 1637 926 1671 quae
951 1625 999 1659 ad
1016 1624 1113 1659 bella
1141 1623 1285 1660 Persica
1314 1631 1348 1658 et
1372 1624 1482 1658 Pelo—

112 1685 374 1731 ponnesiacum
391 1686 640 1733 pertinebant.

164 1746 298 1782 Libros
321 1747 430 1792 alios,
451 1748 513 1795 qui
536 1747 712 1783 Cornelio
736 1754 874 1782 temere
896 1760 915 1783 a
942 1747 1163 1794 quibusdam
1181 1745 1357 1792 adscripti
1382 1752 1483 1787 sunt,

113 1814 150 1841 ut
168 1808 312 1844 Daretis
330 1809 479 1856 Phrygii
498 1809 707 1844 versionem
727 1809 896 1853 latinam,
921 1809 1051 1843 lubens
1070 1815 1260 1854 praetereo.
1280 1808 1364 1841 Non
1385 1806 1481 1841 enim

111 1868 261 1904 interest
280 1870 491 1918 reipublicae
516 1871 701 1905 litterariae
713 1898 722 1915 ‚
740 1883 916 1905 revocare
938 1869 1155 1904 memoriam
1184 1881 1350 1903 errorum
1363 1895 1373 1912 ,
1392 1880 1483 1915 quos

111 1932 221 1967 semel
244 1931 448 1980 iterumque
468 1933 596 1967 solidis
615 1934 838 1979 argumentis
865 1933 1061 1978 propulere
1083 1931 1154 1965 viri
1173 1930 1283 1965 docti.

111 2072 166 2114 Il.
191 2073 258 2116 De
277 2072 467 2116 Cornelii
486 2071 708 2116 scribendi
723 2072 921 2115 instituto
940 2073 983 2114 m
1006 2069 1123 2113 libris
1140 2071 1219 2131 qui
1234 2077 1479 2130 supersunt.

163 2225 216 2259 ΕΤ
239 2226 447 2260 Graecarum
465 2224 670 2259 litterarum
696 2231 731 2258 et
748 2223 877 2270 patriae
896 2236 1021 2257 amore
1046 2223 1176 2257 ductus
1198 2221 1343 2267 scripsit
1361 2222 1484 2267 Nepos

111 2287 204 2322 vitas
230 2285 487 2321 excellentium
512 2285 788 2332 imperatorum.
812 2285 974 2319 Romani
995 2284 1104 2318 rudes
1125 2283 1279 2317 omnino
1303 2290 1407 2317 erant
1426 2283 1484 2316 lit-

111 2355 270 2383 terarum
293 2359 488 2395 graecarum
514 2354 598 2382 ante
625 2347 723 2381 bella
748 2346 904 2394 punica,
930 2345 1066 2392 quippe
1090 2345 1152 2391 qui
1179 2345 1275 2378 inter
1299 2357 1482 2379 armorum

111 2410 283 2458 strepitus
312 2422 413 2444 suam
436 2409 600 2456 ipsorum
623 2409 787 2456 linguam
817 2421 893 2442 non
921 2407 1112 2451 colebant,
1139 2405 1201 2453 qui
1221 2413 1315 2441 artes
1339 2418 1483 2449 omnes,

110 2478 244 2518 praeter
261 2483 339 2516 eas,
360 2484 440 2518 quae
461 2471 509 2506 ad
530 2471 644 2505 vitam
663 2471 838 2505 tuendam
859 2469 1018 2504 maxime
1037 2468 1250 2503 necessariae
1269 2475 1374 2512 sunt,
1393 2480 1483 2502 con—

110 2533 343 2577 temnebant,
370 2545 519 2568 omnem
548 2532 704 2580 gloriam
731 2532 766 2566 in
794 2545 834 2567 re
866 2531 1014 2579 publica
1042 2529 1354 2572 administranda,
1383 2536 1417 2564 et
1446 2529 1482 2563 in

112 2605 151 2630 re
175 2594 306 2630 rustica
330 2602 365 2630 et
389 2594 555 2638 militari,
581 2594 787 2630 exercenda
814 2601 1003 2641 ponentes.
1034 2591 1198 2628 Sufficiat
1222 2592 1295 2627 duo
1315 2592 1480 2638 exempla
