1859 3310
305 232 376 266 226
903 230 1068 265 NOTAE

745 408 789 435 IN
826 407 1028 436 DATAMIS
1065 407 1218 436 V1TAM.

357 546 439 580 cip.
460 545 507 578 II.
531 542 839 589 Autophradates.
862 541 988 589 Lydiae
1007 548 1184 588 satrapes,
1204 542 1268 588 qui
1290 548 1325 576 et
1342 539 1421 589 ipse
1439 553 1458 575 a
1477 551 1562 587 rege
1581 551 1672 586 pos—

304 619 362 645 tea
382 604 525 641 defecit.
550 603 851 652 Autoplzraclates
867 615 1004 637 nomen
1029 615 1128 637 mere
1155 610 1208 637 est
1221 615 1397 649 graecum,
1417 610 1451 637 et
1471 602 1518 636 ab
1543 594 1649 636 αὐτὸς
1665 627 1674 644 ,

305 668 402 715 ipse,
422 659 616 712 Qpoese'vco,
631 665 733 708 dico,
758 666 817 699 vel
847 661 1028 710 apasx'co,
1056 663 1202 706 indico,
1225 664 1353 698 oritur.

358 728 435 762 Eos
464 727 527 774 qui
555 724 777 770 defecerant.
810 725 941 773 Lycios
966 724 1121 768 scilicet,
1146 723 1305 767 Pisidas,
1330 723 1585 772 Pamphy-lios,
1610 723 1673 757 Ci—

306 789 410 832 lices,
447 788 592 835 Syrios,
622 786 831 830 Phoenices,
867 799 908 820 ac
941 785 1017 821 fere
1046 797 1175 820 omnes
1214 784 1353 819 asiatici
1382 785 1492 819 maris
1521 785 1674 819 accolas.

314 849 404 883 Vide
428 851 568 891 D1on.,
592 860 652 882 xv.
680 860 741 894 90.

359 911 441 945 CAP.
468 911 537 944 111.
576 909 726 956 Optima
755 915 865 942 veste.
890 906 1075 941 Nimirum
1104 918 1269 953 purpura
1299 917 1465 952 auroque
1490 905 1678 949 distincta,

308 984 380 1018 qua
394 969 670 1018 provinciarum
683 975 844 1003 rectores
857 967 911 1002 uti
925 967 1105 1002 solebant.
1121 966 1230 1001 Unde
1242 967 1436 1013 purpurati
1448 966 1677 1001 dicebantur.

364 1031 580 1067 Tithrauste.
591 1032 661 1065 Pro
670 1030 741 1064 hoc
756 1028 980 1076 Iphicratem
993 1034 1144 1062 narrant
1155 1025 1390 1071 Plutarchus,
1404 1027 1441 1061 in
1454 1030 1677 1069 Artaxerxe,

309 1105 338 1128 c.
360 1106 470 1136 xx1v,
494 1099 529 1127 et
552 1091 760 1134 Diodorus,
782 1102 831 1125 xv
846 1117 856 1134 ,
882 1094 940 1132 41.

361 1155 443 1189 Car.
463 1155 524 1189 IV.
553 1153 636 1188 Ean·
658 1155 766 1200 longe
788 1153 926 1186 aberat.
953 1152 1094 1197 Nempe
1127 1151 1308 1185 exercitus
1339 1150 1514 1185 adversus
1544 1151 1682 1198 AEgyp-

310 1217 380 1252 tios
400 1215 688 1251 contrahebatur
708 1217 795 1257 Ace,
817 1226 881 1248 seu
905 1212 1133 1248 Ptolemaide
1155 1214 1193 1246 in
1213 1212 1405 1255 Phoenice,
1429 1211 1530 1246 unde
1554 1218 1682 1258 postea

310 1277 474 1313 incursio
499 1276 595 1310 facta
619 1282 672 1310 est
695 1275 734 1309 in
759 1276 971 1321 AEgyptum.
1004 1273 1094 1308 Vide
1118 1275 1255 1316 Dion.,
1279 1286 1348 1317 xv,
1375 1279 1433 1315 41.

363 1339 445 1373 Cn.
461 1338 503 1371 V.
530 1339 643 1371 Acen.
665 1334 860 1370 Phoeniciae
879 1333 1023 1377 civitas,
1043 1346 1123 1380 quae
1143 1341 1271 1380 postea
1292 1334 1488 1368 Ptolemais
1509 1334 1617 1369 dicta.

364 1398 446 1433 C.›.1>.
470 1398 554 1433 VII.
580 1398 715 1432 Portoe.
747 1397 873 1431 Graece
900 1390 1052 1438 πύλαι,
1082 1395 1259 1442 angustiae
1287 1395 1448 1438 viarum,
1475 1394 1686 1430 arctissimae

313 1460 455 1503 fauces,
478 1471 545 1506 per
571 1471 680 1505 quas,
705 1465 882 1504 tanquam
910 1469 977 1504 per
1002 1463 1146 1504 portas,
1170 1457 1209 1491 in
1233 1456 1342 1491 latius
1367 1456 1524 1503 spatium
1554 1457 1683 1491 exitur.

314 1522 454 1568 Nempe
468 1520 596 1555 Cilicia
610 1521 735 1555 Tauro
758 1526 793 1554 et
806 1522 949 1554 Amano
968 1518 1160 1554 montibus
1179 1530 1196 1552 a
1231 1518 1467 1565 Cappadocia
1487 1517 1684 1552 dirimitur.

366 1582 565 1617 CARVIII.
594 1580 795 1615 Cardacas.
827 1579 950 1614 Hosce
975 1579 1067 1615 Asiae
1085 1579 1240 1614 minoris
1262 1579 1424 1626 populos
1442 1578 1594 1614 tradunt
1612 1580 1687 1614 Po-

314 1643 435 1691 lybius
453 1649 489 1678 et
500 1642 679 1677 AElianus.
701 1641 880 1676 Cardacas
906 1647 1028 1676 autem
1049 1640 1203 1684 Strabo,
1227 1652 1295 1684 xv,
1320 1639 1430 1674 fuisse
1451 1639 1563 1675 tradit
1590 1640 1688 1686 apud

314 1707 441 1741 Persas
464 1704 624 1739 militum
644 1715 759 1751 genus
771 1730 780 1748 ,
800 1702 864 1750 qui
883 1714 927 1738 ex
940 1702 1054 1750 raptis
1072 1696 1246 1737 vixerint.
1261 1702 1407 1736 Nomen
1424 1701 1561 1736 ducunt
1578 1701 1689 1749 igitur

316 1778 336 1802 a
351 1778 469 1813 graeco
491 1761 648 1811 κερὲέω,
670 1765 814 1809 lucror,
835 1760 1155 1809 nepsnstucrum,
1177 1760 1296 1808 κερὸὠ
1311 1791 1320 1807 ,
1345 1763 1491 1809 vulpes,
1513 1759 1689 1809 κερὸὦος,

319 1828 507 1875 vulpinus,
531 1833 776 1874 quaestuosus,
799 1825 912 1873 epith.
932 1825 1125 1869 Mercurii,
1140 1824 1203 1872 qui
1225 1824 1334 1859 lucris
1360 1831 1396 1859 et
1417 1824 1521 1859 furtis
1547 1832 1689 1871 praeest.

378 1889 464 1923 Tn'a
471 1886 708 1934 funditorum.
737 1887 876 1934 Supple
891 1886 1022 1921 millia.

371 1951 453 1985 cip.
485 1950 534 1984 X.
567 1950 714 1984 Deoetra
749 1948 917 1982 dedisset.
955 1948 1039 1982 Mos
1075 1947 1174 1982 enim
1210 1954 1288 1982 erat
1323 1947 1424 1994 apud
1454 1949 1599 1992 Persas,
1631 1955 1692 1991 ut,

320 2022 580 2059 quemcunque
609 2021 676 2044 rex
699 2008 739 2043 in
764 2006 876 2043 fidem
900 2008 1097 2055 reciperet,
1121 2008 1192 2055 ipsi
1212 2008 1380 2043 dextram
1410 2008 1530 2051 daret,
1558 2015 1599 2044 ut
1626 2021 1690 2043 su-

319 2085 410 2119 pra,
434 2071 473 2106 in
504 2070 774 2114 Themistocle3
799 2069 967 2116 illudque
997 2069 1100 2103 omni
1131 2077 1360 2104 sacramento
1390 2070 1550 2104 sanctius
1575 2070 1692 2105 duce-

322 2134 442 2169 batur.
468 2132 653 2167 Coun‘rm.
677 2133 730 2165 Ita
752 2130 872 2165 adhuc
897 2130 995 2176 apud
1018 2130 1172 2164 rusticos
1195 2137 1353 2166 nostros.

375 2194 459 2229 Cn.
479 2192 549 2227 XI.
574 2191 829 2226 Scrutarentur.
853 2191 1003 2225 Nullum
1025 2191 1252 2238 colloquium
1273 2204 1435 2239 unquam
1457 2193 1694 2228 commissum
1713 2188 1718 2196 ’

322 2256 400 2290 sine
430 2252 654 2289 scrutatione
686 2263 751 2287 seu
780 2251 1013 2295 excussione,
1044 2252 1246 2299 antiquitus
1279 2253 1366 2297 fuit,
1392 2266 1439 2288 ne
1475 2254 1557 2301 quis
1582 2254 1695 2290 sicam

323 2315 471 2350 aliudve
484 2314 596 2349 telum
615 2312 761 2347 occulto
779 2313 863 2348 loco
877 2312 1045 2347 abditum
1059 2312 1264 2360 stringeret.
1285 2314 1468 2349 Scrutatio
1487 2322 1609 2350 autem
1628 2315 1693 2350 ista

324 2375 437 2411 fiebat
461 2387 528 2422 per
551 2374 712 2409 delectos
736 2373 929 2420 utriusque
951 2373 1076 2420 partis.
1099 2374 1163 2408 Isti
1189 2373 1312 2409 officio
1332 2375 1534 2411 destinatos
1552 2376 1694 2423 Polyae-

324 2450 393 2472 nus
418 2442 528 2471 vocat
552 2430 749 2485 ἀγγέλους
774 2432 982 2484 (angelos),
1007 2435 1071 2481 qui
1099 2447 1175 2470 non
1201 2437 1321 2471 solum
1349 2444 1463 2472 vestes
1488 2444 1694 2484 pertracta-

326 2499 435 2542 bant,
459 2496 524 2532 sed
541 2496 690 2544 penitus
708 2496 962 2531 detrahebant.
983 2497 1180 2531 Gnnnnn.

377 2559 433 2593 De
457 2558 621 2593 Datamis
644 2557 754 2592 rebus
780 2556 947 2604 quaedam
973 2557 1058 2592 vide
1083 2557 1182 2604 apud
1209 2557 1438 2602 Diodorum,
1465 2558 1696 2606 Polyaenum,

330 2619 563 2662 Frontinum,
579 2625 613 2652 et
632 2618 728 2652 inter
750 2618 990 2661 recentiores,
1010 2619 1143 2652 Rollin.
