1859 3310
368 272 382 295 1
395 272 439 294 ιο
817 264 1047 299 CORNELII
1077 265 1281 299 NEPOTIS

362 359 459 386 nem
483 343 621 387 voluit
645 361 654 387 :
683 361 804 401 nam,
827 346 931 389 dum
960 364 1027 390 res
1052 347 1354 403 conficeretur,
1380 346 1529 407 procul
1554 348 1597 390 in
1620 364 1727 407 prae-

359 421 468 465 sidio
495 422 599 478 fuit,
632 440 684 466 ne
709 425 805 482 quis
832 424 1000 468 satelles
1031 437 1176 485 posset
1207 442 1471 469 succurrere.
1500 429 1593 469 Hoc
1620 443 1726 486 prae-

359 499 646 544 clarissimum
681 502 772 561 ejus
806 502 972 546 facinus
1005 520 1092 546 non
1122 506 1216 564 pari
1246 504 1376 548 modo
1405 505 1636 565 probatum
1663 515 1728 548 est

357 578 411 621 ab
434 579 634 622 omnibus
657 597 666 622 ε
693 580 892 623 nonnulli
913 581 1031 624 enim
1054 581 1197 625 laesam
1223 584 1276 626 ab
1302 600 1352 626 eo
1380 585 1583 643 pietatem
1608 593 1732 644 puta-

356 657 463 700 bant
480 691 491 712 ,
511 667 555 700 et
576 658 739 701 invidia
761 658 931 702 laudem
956 660 1130 704 virtutis
1151 661 1420 705 obterebant.
1441 664 1583 705 Mater
1603 678 1727 717 vero,

356 745 454 795 post
477 736 521 779 id
545 736 705 780 factum
720 771 731 793 ,
759 754 897 797 neque
918 738 1097 782 domum
1119 739 1174 783 ad
1202 756 1245 783 se
1272 740 1411 783 filium
1439 741 1635 796 admisit,
1659 758 1729 784 ne-

356 830 439 874 que
465 816 650 875 aspexit,
676 818 781 876 quin
804 833 903 860 eum
927 817 1194 861 fratricidam
1218 819 1488 878 impiumque
1512 818 1728 864 detestans

356 894 648 954 compellaret.
683 896 856 952 Quibus
890 896 1017 940 rebus
1048 895 1119 940 ille
1148 896 1255 940 adeo
1284 906 1348 940 est
1380 908 1649 955 commotus,
1681 909 1728 943 ut

355 990 669 1034 nonnunquam
693 976 790 1018 vitae
812 974 943 1018 finem
964 975 1103 1019 facere
1126 975 1331 1031 voluerit,
1356 986 1486 1036 atque
1510 994 1561 1020 ex
1586 978 1729 1038 ingra-

354 1062 501 1097 torum
525 1053 753 1097 hominum
775 1064 1010 1115 conspectu
1039 1064 1179 1098 morte
1207 1055 1427 1099 decedere.

416 1135 471 1176 ΙΙ.
496 1134 678 1176 Interim
696 1134 838 1178 Dione
858 1135 1080 1194 Syracusis
1104 1134 1331 1178 interfecto
1346 1169 1357 1191 ,
1381 1136 1614 1195 Dionysius
1632 1152 1728 1179 rur-

353 1229 424 1256 sus
458 1215 768 1273 Syracusarum
797 1215 962 1274 potitus
997 1223 1060 1257 est
1087 1231 1096 1257 :
1128 1215 1250 1274 cujus
1283 1214 1516 1258 adversarii
1549 1232 1677 1276 opem
1703 1232 1727 1259 a

353 1292 590 1336 Corinthiis
620 1293 859 1353 petierunt,
889 1292 1132 1353 ducemque
1157 1309 1244 1353 quo
1270 1294 1315 1336 in
1342 1293 1457 1337 bello
1483 1304 1727 1350 uterentur,

354 1370 644 1431 postularunt.
671 1374 769 1415 Huc
798 1371 1026 1415 Timoleon
1052 1373 1226 1429 missus,
1259 1373 1499 1416 incredibili
1526 1373 1729 1417 felicitate

353 1451 612 1510 Dionysium
635 1461 725 1495 tota
751 1450 895 1495 Sicilia
918 1451 1108 1512 depulit,
1132 1468 1267 1511 quum
1294 1451 1534 1496 interficere
1558 1462 1729 1513 posset,

354 1528 513 1585 noluit;
541 1540 723 1591 tutoque
749 1540 798 1576 ut
824 1531 1088 1575 Corinthum
1116 1532 1380 1593 perveniret,
1407 1531 1547 1575 effecit
1575 1549 1584 1576 :
1613 1532 1730 1592 quod

352 1619 639 1671 utrorumque
670 1612 981 1671 Dionysiorum
1012 1612 1169 1673 opibus
1203 1612 1420 1656 Corinthii
1453 1629 1562 1673 saepe
1594 1612 1731 1672 adjuti

351 1689 546 1746 fuerant,
581 1691 704 1751 cujus
735 1691 1014 1752 benignitatis
1049 1692 1301 1735 memoriam
1333 1691 1504 1735 volebat
1541 1702 1728 1747 exstare3

350 1785 531 1829 eamque
554 1769 804 1831 praeclaram
828 1771 1055 1814 victoriam
1081 1770 1288 1825 ducebat,
1316 1772 1360 1814 in
1388 1788 1474 1831 qua
1500 1770 1597 1832 plus
1623 1783 1732 1816 esset

350 1848 605 1907 clementiae,
639 1868 769 1911 quam
796 1850 1082 1907 crudelitatis;
1114 1861 1354 1912 postremo,
1388 1862 1437 1895 ut
1469 1869 1558 1896 non
1592 1850 1731 1896 solum

350 1930 528 1973 auribus
555 1931 842 1992 acciperetur,
869 1930 943 1974 sed
969 1931 1097 1974 etiam
1124 1929 1260 1974 oculis
1287 1942 1555 1989 cerneretur,
1583 1948 1731 1992 quem,

350 2018 392 2051 et
418 2026 468 2052 ex
496 2020 660 2069 quanto
686 2026 841 2070 regno,
861 2010 915 2053 ad
941 2027 1070 2070 quam
1096 2010 1316 2053 fortunam
1341 2010 1603 2056 detrusisset.
1629 2014 1732 2055 Post

350 2090 548 2150 Dionysii
585 2089 807 2133 decessum
843 2106 942 2133 cum
982 2091 1099 2133 Iceta
1136 2089 1330 2146 bellavit,
1370 2091 1445 2150 qui
1481 2090 1731 2134 adversatus

349 2167 488 2212 fuerat
513 2169 724 2230 Dionysio
753 2185 761 2212 t
793 2186 921 2229 quem
950 2186 1038 2212 non
1072 2169 1171 2213 odio
1198 2170 1438 2230 tyrannidis
1465 2170 1730 2226 dissensisse,

350 2248 425 2291 sed
456 2248 712 2309 cupiditate,
745 2249 904 2292 indicio
937 2248 1038 2305 fuit,
1070 2248 1187 2309 quod
1220 2250 1329 2310 ipse,
1358 2249 1538 2311 expulso
1570 2250 1733 2310 Diony-

350 2327 433 2384 sio,
460 2328 688 2388 imperium
715 2327 930 2372 dimittere
956 2327 1109 2372 noluit.
1138 2331 1233 2372 Hoc
1258 2339 1482 2390 superato,
1507 2328 1731 2373 Timoleon

349 2408 555 2450 maximas
585 2409 729 2469 copias
756 2408 1183 2468 Carthaginiensium
1212 2408 1330 2469 apud
1363 2409 1623 2453 Crimessum
1654 2408 1732 2453 ssu-

350 2502 448 2529 men
481 2486 666 2547 fugavit,
704 2504 752 2531 ac
785 2488 886 2531 satis
919 2487 1078 2531 habere
1110 2488 1270 2548 coegit,
1302 2488 1336 2531 si
1368 2487 1513 2531 liceret
1544 2487 1730 2532 Africam

351 2565 566 2621 obtinere,
594 2567 668 2626 qui
684 2567 773 2626 jam
804 2566 1047 2627 complures
1074 2583 1210 2611 annos
1240 2568 1553 2628 possessionem
1579 2566 1731 2610 Siciliae

352 2645 568 2688 tenebant.
591 2647 715 2706 Cepit
737 2647 863 2689 etiam
885 2648 1175 2702 Mamercum,
1212 2646 1402 2691 italicum
1451 2647 1625 2702 ducem,
1653 2646 1730 2689 ho-
