1859 3310
624 258 1045 293 OBSERVATIONES.
1450 273 1519 296 201

146 348 334 387 putantes,
361 347 548 385 asserunt,
576 346 762 374 auctorem
786 353 861 375 non
886 341 932 376 dc
960 341 1025 376 illo
1051 353 1129 375 aevo
1154 341 1274 388 loqui,
1301 354 1374 387 quo
1404 341 1525 390 impe-

147 408 285 438 ratores
309 402 525 445 Pausanias,
546 400 753 448 Lysander,
775 402 965 449 Agesilaus
992 402 1185 446 vixerunt,
1210 402 1274 437 sed
1292 402 1338 437 de
1363 415 1407 437 eo
1416 430 1425 447 ,
1451 417 1525 450 quo

146 463 240 498 liber
266 464 497 510 conscriptus
529 462 747 509 putabatur,
774 464 978 499 Theodosii
1005 476 1139 511 nempe
1168 470 1292 507 aetate3
1318 471 1405 498 tunc
1431 464 1526 499 forte

146 524 293 560 habitos
315 524 580 559 Lacedaemone
599 523 708 558 ludos
731 524 915 569 scenicos,
935 533 1021 560 tunc
1043 525 1139 560 forte
1164 525 1291 560 viduas
1310 525 1455 560 nobiles
1474 525 1525 559 eis

146 585 314 621 adfuisse.
342 586 431 619 Tam
458 585 598 619 absona
627 592 681 620 est
705 585 783 620 baec
806 586 1036 632 conjectura,
1062 593 1118 621 tot
1146 593 1274 621 contra
1298 599 1378 622 eam
1400 587 1525 622 valent

147 646 328 690 rationes,
350 652 391 680 ut
421 658 542 693 operae
563 646 727 693 pretium
750 660 827 682 non
851 648 898 682 sit
924 647 957 682 ei
976 647 1189 683 refellendae
1214 648 1416 684 immorari.
1445 649 1524 683 Nec

144 707 375 742 mentionem
402 707 479 753 ejus
500 707 690 752 fecissem,
708 708 780 743 nisi
803 721 862 753 ea,
888 709 991 756 quod
1013 709 1164 753 mirum,
1187 709 1362 744 Lambini
1384 721 1523 744 nomen

145 781 220 817 prae
239 781 276 804 se
295 768 417 804 ferret.
437 769 483 804 In
501 769 667 804 chartam
686 769 886 816 conjecisse
902 771 1049 806 videtur
1068 771 1270 806 Lambinus
1283 772 1378 806 hanc
1397 771 1525 806 obser—

144 830 354 874 vationem,
375 837 573 878 antequam
595 831 711 867 factus
733 838 787 867 est
811 832 967 876 certior,
989 834 1172 880 Nepotem
1196 845 1272 867 esse
1291 845 1420 868 verum
1438 832 1525 866 libri

146 899 355 937 auctorem3
382 899 511 940 postea
538 893 639 927 illam
665 893 788 929 delere
819 894 971 929 oblitus.
998 895 1184 929 Monstrat
1203 894 1274 929 hoc
1296 893 1525 940 exemplum,

146 953 359 1001 purgandos
394 966 472 989 esse
507 967 527 989 a
560 955 745 1002 lapsibus,
775 955 852 990 sive
877 955 1007 991 calami
1037 955 1113 990 sive
1138 955 1290 1001 judicii,
1316 954 1524 990 doctiorum

145 1015 254 1050 etiam
279 1015 447 1050 virorum
474 1016 779 1060 commentarios,
799 1016 829 1050 si
856 1016 984 1051 iterata
1012 1016 1176 1051 editione
1194 1022 1422 1063 repetuntur.
1446 1016 1524 1049 Ex—

145 1076 286 1124 plicant
302 1077 366 1112 alii
382 1090 534 1112 scenam
556 1090 623 1125 per
641 1078 749 1113 ludos
769 1077 1037 1125 gymnasticos,
1055 1090 1148 1124 quos
1168 1077 1435 1112 Lacedaemone
1449 1089 1526 1110 ma-

144 1151 219 1186 gno
236 1139 276 1174 in
299 1139 421 1186 pretio
446 1139 557 1175 fuisse
575 1139 731 1184 scimus,
750 1140 904 1175 feminas
924 1152 1072 1187 quoque
1093 1139 1144 1174 eis
1164 1138 1339 1174 admissas
1359 1151 1437 1173 non
1457 1150 1526 1173 ne-

144 1212 293 1247 gamus;
321 1200 386 1236 sed
417 1212 584 1248 pugnare
616 1201 764 1237 videtur
794 1202 872 1236 haec
901 1200 1100 1248 explicatio
1131 1207 1260 1235 contra
1285 1213 1391 1235 usum
1425 1199 1526 1234 vocis

145 1261 292 1305 Scenoe,
319 1275 338 1296 a
366 1262 503 1297 Graecis
530 1275 631 1309 aeque
650 1275 692 1298 ac
715 1263 896 1298 Romanis
914 1268 1115 1309 receptum.
1143 1263 1188 1297 Et
1210 1269 1323 1297 restat
1345 1261 1495 1308 quaestio
1515 1274 1523 1295 :

145 1313 241 1367 Quis*
260 1323 431 1359 mercede
457 1324 641 1359 conducet
667 1324 820 1359 viduam
844 1324 1032 1367 nobilem,
1052 1330 1094 1358 ut
1123 1331 1179 1358 eat
1205 1322 1433 1370 spectatum?
1455 1322 1526 1357 Alii

147 1384 327 1432 denique,
347 1398 508 1432 quorum
528 1386 703 1433 princeps
723 1385 790 1420 fuit
808 1385 1058 1432 Hieronymus
1078 1385 1245 1432 Magius,
1269 1384 1526 1423 crediderunt,

147 1447 220 1494 legi
239 1447 376 1482 debere
398 1460 564 1491 coenam,
591 1460 667 1482 non
694 1460 853 1483 scenam.
877 1450 947 1482 Aut
968 1447 1064 1481 hanc
1086 1447 1306 1490 lectionem,
1332 1453 1392 1481 aut
1416 1445 1525 1480 etiam

146 1509 200 1542 ad
217 1510 356 1552 lenam,
385 1509 608 1556 corrigendo
631 1509 750 1544 textui
771 1515 894 1556 aptam
914 1520 991 1543 esse
1014 1507 1173 1542 credidit
1194 1509 1225 1542 J.
1246 1509 1297 1541 M.
1319 1506 1527 1553 Heusinge-

147 1581 226 1614 rus,
245 1582 362 1617 eaque
378 1582 435 1605 res
459 1571 599 1617 largam
618 1569 778 1618 praebuit
796 1569 988 1605 materiam
1010 1567 1270 1615 disputationis
1293 1567 1390 1602 inter
1408 1567 1527 1614 ipsum

147 1637 183 1665 et
225 1630 478 1666 doctissimum
518 1631 765 1666 Stavcrnium.
801 1631 951 1665 Certum
987 1630 1137 1677 quidem
1181 1637 1254 1673 est,
1293 1630 1528 1663 Lacaenarum

147 1705 269 1728 mores
305 1705 384 1727 non
422 1692 534 1728 fuisse
563 1705 637 1740 prae
671 1692 800 1728 ceteris
830 1699 960 1727 castos.
989 1691 1063 1727 Sed
1085 1691 1196 1726 lectio
1224 1691 1278 1724 ad
1301 1692 1424 1724 lenam
1450 1701 1527 1724 non

150 1754 288 1801 placuit
315 1755 426 1790 beato
457 1756 640 1798 Gesnero,
663 1754 765 1800 jure,
792 1761 833 1789 ut
854 1753 946 1788 mihi
973 1753 1123 1801 quidem
1149 1752 1314 1796 videtur3
1337 1759 1392 1795 et,
1411 1751 1440 1786 si
1460 1763 1527 1785 ex-

148 1816 330 1863 probrare
357 1817 485 1863 Nepos
510 1816 628 1851 voluit
647 1816 767 1851 viduis
786 1815 930 1850 lacaenis
949 1828 1096 1850 morum
1115 1814 1319 1858 licentiam,
1338 1814 1409 1848 hoc
1421 1825 1529 1847 sensu

150 1877 212 1911 vix
231 1877 422 1925 adaequate
448 1878 583 1913 dixisse
602 1877 748 1913 videtur
769 1890 776 1911 :
800 1878 891 1921 Quae
914 1889 991 1911 non
1016 1876 1065 1911 ad
1090 1888 1233 1911 coenam
1260 1881 1336 1910 erat
1360 1873 1529 1909 mercede

150 1939 343 1974 conducta.

203 1992 464 2046 Nihil⁸itaque
491 2007 676 2046 superest,
699 1999 770 2034 nisi
797 2005 834 2033 ut
866 1999 988 2034 locum
1013 1999 1221 2045 judicemus
1248 1998 1341 2032 adeo
1371 2009 1528 2043 corrup-

152 2069 245 2105 tum,
269 2061 410 2096 AEmilii
434 2061 589 2096 fortasse
616 2061 729 2096 Probi
756 2061 884 2107 culpa,
912 2067 951 2094 ut
984 2060 1232 2107 probabiliter
1258 2071 1328 2093 nec
1355 2056 1530 2104 explicari

152 2136 219 2158 nec
251 2122 443 2158 emendari
471 2122 599 2170 possit.
635 2122 763 2157 Nolim
798 2121 897 2156 enim
934 2134 1103 2156 accusare
1128 2120 1365 2163 Cornelium,
1389 2118 1530 2154 eumin

153 2184 318 2219 moribus
353 2185 565 2218 Graecorum
598 2182 851 2230 exponendis,
884 2182 923 2216 in
956 2182 1172 2229 praefatione
1210 2180 1430 2228 praesertim,
1464 2178 1532 2213 ubi

154 2246 324 2292 exempla
346 2245 542 2292 deligenda
563 2252 667 2280 erant
685 2244 877 2279 notissima
899 2251 934 2279 et
961 2244 1181 2287 certissima,
1200 2250 1275 2277 tam
1294 2241 1455 2289 graviter
1472 2252 1531 2275 er-

154 2319 263 2342 rasse.

208 2367 273 2402 IV.
304 2368 408 2403 Praef.
442 2370 460 2412 g
494 2381 509 2403 1
542 2381 550 2401 ε
583 2369 671 2413 Quis
694 2366 871 2401 musicam
895 2366 1061 2400 docuerit
1085 2364 1404 2413 Epaminondam.
1427 2360 1532 2397 Nihil

157 2429 318 2478 apertius
341 2429 503 2465 declarat
520 2430 616 2464 hanc
639 2439 840 2475 grrecorum
864 2438 1011 2461 morum
1034 2439 1053 2460 a
1077 2425 1240 2461 romanis
1264 2423 1532 2465 diversitatem,

158 2504 269 2540 quam
289 2490 328 2525 id
350 2490 454 2537 quod
477 2490 601 2526 Cicero
622 2489 692 2532 ait,
722 2489 858 2533 Quoest.
889 2488 991 2521 Tusc.
1014 2500 1048 2531 1,
1074 2499 1103 2522 c.
1129 2492 1149 2529 4
1171 2499 1178 2520 2
1203 2502 1218 2518 «
1242 2486 1427 2520 Summam
1453 2495 1533 2518 eru-

159 2554 341 2589 ditionem
365 2551 482 2587 Graeci
508 2551 614 2586 sitam
650 2550 851 2585 censebant
884 2548 922 2582 in
956 2561 1155 2583 nervorum
1184 2558 1389 2592 vocumque
1416 2544 1532 2579 canti-

160 2616 240 2650 bus.
255 2614 373 2662 Igitur
386 2621 421 2649 et
435 2613 736 2661 Epaminondas,
753 2611 927 2658 princeps
937 2636 946 2654 ,
959 2622 1043 2645 meo
1053 2609 1207 2656 judicio,
1217 2607 1363 2643 Graeciae
1375 2633 1384 2650 ,
1398 2604 1534 2640 fidibus

160 2677 334 2724 pra-clare
364 2674 538 2710 cecinisse
571 2674 725 2716 dicitur,
766 2672 1100 2718 Themistoclesque
1132 2670 1273 2717 aliquot
1299 2675 1382 2705 ante
1413 2666 1533 2710 annis,
