1859 3310
691 205 906 241 ATTICUS.
1409 216 1421 238 1
1432 208 1450 245 ί.
1462 214 1474 237 1

114 296 220 340 mini
252 311 340 338 non
366 294 423 337 ibi
458 301 668 354 perpetuo
694 287 897 332 manendi
924 296 1113 349 potestas
1142 286 1254 330 facta
1283 297 1358 329 est.
1392 288 1482 344 Qui

116 375 245 419 etiam
271 383 368 435 post
392 371 588 434 proelium
612 367 910 429 Philippense,
937 367 1246 426 interitumque
1271 368 1319 409 C.
1348 366 1483 409 Cassii

119 464 161 498 et
183 456 244 497 M.
276 453 420 507 Bruti,
460 453 510 494 L.
551 448 714 494 Julium
750 446 973 492 Mocillam
1011 447 1281 507 praetorium,
1317 455 1359 488 et
1393 445 1485 504 ejus

121 533 277 588 filium,
307 530 554 590 Aulumque
581 531 873 589 Torquatum,
912 536 1161 586 ceterosque
1190 526 1282 585 pari
1313 524 1488 568 fortuna

121 610 363 674 perculsos,
396 608 632 653 instituerit
662 607 796 663 tueri,
833 616 962 666 atque
996 622 1048 649 ex
1080 606 1214 666 Epiro
1249 605 1315 648 his
1345 603 1490 647 omnia

121 690 461 736 Samothraciam
507 688 758 750 supportari
790 687 980 747 jusserit.
1020 684 1206 730 Difficile
1246 694 1310 728 est
1347 683 1493 727 omnia

122 771 346 832 persequi,
371 778 414 813 et
452 786 542 813 non
575 767 827 811 necessaria.
857 765 973 810 Illud
1002 782 1138 809 unum
1169 763 1349 824 intelligi
1368 761 1492 806 volu-

123 868 240 906 mus,
263 849 377 894 illius
403 847 707 893 liberalitatem
732 863 872 907 neque
893 846 1218 907 temporariam,
1245 860 1385 903 neque
1409 840 1495 885 cal-

125 929 256 974 lidam
290 930 433 974 fuisse.
470 929 522 972 Id
553 945 604 972 ex
638 928 740 989 ipsis
774 926 905 970 rebus
931 942 980 969 ac
1007 924 1276 985 temporibus
1309 922 1496 982 judicari

127 1020 294 1072 potest,
319 1009 436 1070 quod
462 1025 550 1052 non
580 1006 836 1051 florentibus
865 1022 907 1049 se
932 1004 1196 1059 venditavit,
1227 1002 1300 1046 sed
1329 1002 1498 1045 afflictis

129 1106 297 1150 semper
321 1088 548 1132 succurrit.
574 1087 665 1143 Qui
690 1086 864 1146 quidem
889 1083 1134 1139 Serviliam,
1158 1083 1281 1126 Bruti
1304 1091 1500 1137 matrem,

130 1185 219 1213 non
253 1168 397 1211 minus
430 1176 529 1228 post
565 1175 749 1209 mortem
777 1165 890 1224 ejus,
919 1180 1049 1224 quam
1077 1162 1279 1219 florente,
1305 1160 1499 1205 coluerit.

132 1250 200 1292 Sic
226 1247 482 1292 liberalitate
503 1256 654 1302 utens,
678 1243 818 1289 nullas
848 1244 1093 1288 inimicitias
1122 1244 1270 1304 gessit,
1291 1241 1409 1302 quod
1433 1258 1504 1285 ne-

134 1345 217 1389 que
243 1326 423 1371 laedebat
456 1342 737 1387 quemquam,
768 1341 932 1385 neque,
971 1325 1005 1367 si
1041 1340 1171 1384 quam
1202 1323 1405 1384 injuriam
1438 1338 1506 1366 ac-

137 1417 328 1469 ceperat,
348 1406 535 1450 malebat
556 1405 730 1461 ulcisci,
753 1422 882 1466 quam
904 1403 1111 1448 oblivisci.
1135 1404 1254 1447 Idem
1272 1401 1504 1446 immortali

138 1487 344 1531 memoria
374 1496 577 1548 percepta
605 1485 818 1529 retinebat
848 1484 1080 1539 beneficia3
1108 1500 1202 1544 quae
1234 1493 1378 1527 autem
1418 1484 1507 1543 ipse

140 1567 370 1622 tribuerat,
391 1566 556 1609 tamdiu
578 1566 857 1620 meminerat,
877 1564 1020 1624 quoad
1043 1563 1112 1607 ille
1137 1574 1286 1624 gratus
1304 1573 1415 1619 erat,
1434 1564 1508 1623 qui

141 1655 376 1707 acceperat.
409 1648 560 1706 Itaque
594 1646 665 1689 hic
702 1645 821 1701 fecit,
860 1655 907 1688 ut
944 1661 1044 1688 vere
1080 1644 1245 1687 dictum
1285 1643 1507 1687 videatur:

141 1725 253 1769 «Sui
289 1726 445 1785 cuique
484 1742 625 1769 mores
667 1725 840 1786 fingunt
877 1724 1146 1768 fortunam.»
1181 1724 1333 1783 Neque
1367 1710 1511 1766 tamen

144 1805 264 1865 prius
289 1804 358 1848 ille
380 1805 624 1861 fortunam,
646 1821 777 1864 quam
805 1821 848 1848 se
876 1805 989 1865 ipse,
1011 1803 1136 1847 finxit
1161 1820 1170 1845 :
1200 1804 1274 1862 qui
1301 1804 1434 1860 cavit,
1460 1819 1513 1846 ne

145 1899 230 1944 qua
251 1885 296 1927 in
321 1900 367 1927 re
381 1883 480 1943 jure
503 1883 776 1945 plecteretur.

210 1965 308 2007 XII.
329 1965 406 2007 His
424 1964 558 2024 igitur
578 1964 706 2007 rebus
729 1963 893 2021 effecit,
917 1975 964 2009 ut
977 1967 1038 2009 M.
1060 1966 1295 2026 Vipsanius
1308 1966 1514 2026 Agrippa,

150 2045 299 2088 intima
318 2044 606 2088 familiaritate
626 2044 886 2104 conjunctus
899 2044 1158 2089 adolescenti
1174 2047 1515 2105 Caesari,quum,

150 2134 329 2186 propter
349 2141 469 2168 suam
491 2125 672 2185 gratiam
695 2135 737 2168 et
751 2125 931 2170 Caesaris
953 2126 1212 2186 potentiam,
1231 2124 1392 2169 nullius
1412 2143 1517 2169 con-

112 2218 114 2223 ’
153 2204 329 2248 ditionis
354 2222 443 2248 non
472 2205 652 2249 haberet
683 2216 960 2266 potestatem,
993 2207 1266 2267 potissimum
1295 2207 1386 2266 ejus
1416 2206 1519 2251 deli-

154 2294 272 2345 geret
310 2283 581 2341 affinitatem,
617 2295 965 2346 praeoptaretque
995 2287 1154 2346 equitis
1185 2288 1352 2330 romani
1389 2287 1520 2331 filiam

156 2381 462 2425 generosarum
493 2366 668 2426 nuptiis.
697 2367 838 2424 Atque
862 2366 1017 2408 harum
1043 2367 1296 2426 nuptiarum
1321 2366 1521 2411 concilia-

158 2455 226 2489 tor
250 2445 332 2489 fuit
351 2446 463 2507 (non
490 2455 553 2488 est
576 2446 691 2488 enim
718 2444 971 2505 celandum)
997 2447 1058 2489 M.
1080 2447 1297 2490 Antonius
1323 2448 1522 2491 triumvir

159 2523 403 2585 reipublicae
431 2525 742 2568 constituendae
764 2542 772 2568 :
795 2527 919 2586 cujus
937 2527 1074 2587 gratia
1095 2543 1229 2586 quum
1252 2543 1409 2587 augere
1426 2545 1524 2589 pos-

162 2604 367 2648 sessiones
387 2614 531 2666 posset
551 2621 670 2661 suas,
687 2614 852 2648 tantum
868 2605 1005 2648 abfuit.
1024 2623 1048 2648 a
1063 2605 1298 2666 cupiditate
1318 2609 1523 2666 pecuniae,
