1859 3310
346 220 414 256 138
797 225 1026 260 CORNELII
1056 226 1260 261 NEPOTls

341 306 451 350 blica
487 324 619 368 penes
658 311 814 352 Brutos
850 309 1070 353 videretur
1103 328 1194 355 esse
1226 319 1267 353 ct
1293 310 1519 366 Cassium,
1548 326 1596 353 ac
1626 320 1715 354 tota

339 387 489 431 civitas
510 404 553 431 se
575 388 629 431 ad
655 405 726 431 eos
750 390 1014 432 convertisse
1036 390 1276 445 videi-etum
1300 390 1359 433 sic
1378 391 1440 432 M.
1458 391 1594 432 Bruto
1614 406 1715 433 usus

339 476 421 522 est,
446 477 492 510 ut
516 465 636 510 nullo
657 466 729 509 ille
748 466 996 512 adolescens
1014 469 1167 529 aequali
1188 469 1462 523 familiarius,
1481 484 1611 528 quam
1633 468 1716 511 hoc

338 564 461 602 sene,
489 563 629 606 neque
655 545 795 590 solum
825 564 926 591 eum
955 550 1195 609 principem
1221 549 1389 593 consilii
1415 549 1616 603 haberet,
1642 547 1716 591 sed

339 627 468 669 etiam
510 627 551 668 in
588 627 804 670 convictu.
844 628 1147 688 Excogitatum
1183 639 1247 673 est
1282 646 1306 673 a
1343 628 1628 689 quibusdam,
1668 637 1716 670 ut

338 706 556 766 privatum
584 706 785 750 aerarium
816 708 997 751 Coesaris
1030 709 1381 753 interfectoribus
1413 710 1465 752 ab
1498 709 1716 770 equitibus

337 786 528 828 romanis
569 787 923 830 constitueretur.
966 787 1017 831 Id
1055 787 1179 831 facile
1215 788 1326 831 effici
1359 805 1483 848 posse
1518 788 1712 831 arbitrati

351 875 455 922 ¹unt,
482 866 516 909 si
541 875 582 910 et
606 867 828 927 principes
853 866 970 910 illius
994 868 1159 911 ordinis
1184 869 1391 929 pecunias
1417 867 1713 912 contulissent.

336 948 488 1006 Itaque
511 945 755 1007 appellatus
781 957 843 991 est
869 965 892 991 a
919 950 969 991 C.
999 947 1173 1004 Flavio,
1199 949 1323 992 Bruti
1350 947 1580 1003 familiari,
1607 948 1717 991 Atti-

335 1041 438 1081 cus,
477 1036 525 1070 ut
563 1027 654 1087 ejus
691 1028 752 1070 rei
790 1028 990 1088 princeps
1027 1044 1116 1071 esse
1154 1028 1374 1071 voluisset.
1415 1030 1472 1072 At
1507 1026 1606 1083 ille,
1642 1028 1716 1087 qui

336 1105 476 1150 officia
502 1107 652 1151 amicis
679 1108 925 1168 praestanda
950 1109 1041 1151 sine
1067 1109 1256 1152 factione
1287 1109 1552 1152 existimaret
1570 1142 1581 1164 ,
1610 1124 1718 1152 sem-

336 1203 499 1247 perque
532 1204 556 1231 a
590 1187 748 1231 talibus
784 1206 828 1232 se
858 1188 1049 1233 consiliis
1080 1190 1358 1246 removisset,
1387 1187 1610 1249 respondit
1640 1205 1648 1231 :
1683 1187 1716 1231 si

335 1267 441 1326 quid
471 1269 632 1311 Brutus
661 1268 714 1311 de
741 1269 827 1312 suis
853 1268 1133 1312 facultatibus
1161 1270 1225 1312 uti
1250 1268 1481 1324 voluisset,
1508 1285 1714 1323 usurum,

334 1356 548 1406 quantum
574 1364 632 1391 eae
659 1357 940 1408 paterentur-3
970 1365 1014 1392 se
1042 1365 1183 1409 neque
1208 1365 1307 1392 cuin
1337 1365 1558 1409 quoquam
1586 1348 1638 1391 de
1668 1365 1716 1391 ea

334 1444 380 1470 re
408 1427 757 1485 collocuturum,
787 1446 927 1489 neque
955 1430 1189 1473 coiturum.
1221 1430 1291 1473 Sic
1321 1429 1392 1473 ille
1419 1429 1717 1473 consensionis

333 1507 487 1569 globus
505 1509 635 1569 hujus
656 1510 785 1553 unius
803 1509 1074 1553 dissensione
1092 1510 1294 1570 disjectus
1312 1519 1390 1553 est.
1410 1511 1562 1569 Neque
1581 1506 1719 1551 inulto

334 1598 433 1649 post
455 1590 655 1650 superior
679 1606 769 1633 esse
793 1591 924 1650 coepit
947 1591 1189 1644 Antonius3
1218 1591 1275 1633 ita
1300 1599 1349 1633 ut
1373 1592 1533 1633 Brutus
1551 1598 1592 1632 et
1619 1591 1720 1632 Cas-

333 1669 446 1725 sius,
480 1670 834 1730 provinciarum,
865 1687 961 1730 quae
995 1671 1045 1713 iis
1079 1670 1195 1714 necis
1231 1686 1359 1713 causa
1394 1669 1503 1712 datae
1533 1678 1659 1711 erant
1695 1684 1718 1710 a

333 1748 606 1806 consulibus,
621 1750 860 1811 desperatis
875 1752 1024 1808 rebus,
1042 1751 1087 1793 in
1107 1750 1304 1794 exsilium
1324 1750 1716 1810 proficiscerentur.

335 1831 528 1888 Atticus,
552 1832 626 1891 qui
650 1832 881 1892 pecuniam
906 1830 1034 1875 simul
1054 1848 1154 1875 cuin
1178 1831 1329 1874 ceteris
1352 1829 1549 1874 conferre
1572 1827 1720 1872 nolue-

334 1921 403 1954 rat
430 1911 601 1955 florenti
633 1910 696 1954 illi
725 1913 866 1972 parti,
897 1911 1065 1972 abjecto
1094 1914 1230 1955 Bruto
1247 1945 1257 1965 ,
1283 1910 1495 1970 Italiaque
1522 1908 1717 1963 cedenti,

337 1992 583 2034 sestertium
613 2002 789 2035 eentum
819 1991 956 2035 millia
983 1992 1154 2035 muneri
1183 1991 1319 2045 misit3
1346 1989 1487 2034 eidem
1516 1989 1560 2032 in
1586 1988 1718 2048 Epiro

335 2071 490 2114 absens
517 2081 710 2115 trecenta
731 2073 862 2131 jussit
883 2072 998 2125 dari3
1022 2089 1164 2131 neque
1186 2087 1237 2114 co
1263 2071 1398 2130 magis
1424 2069 1590 2130 potenti
1614 2067 1719 2111 adu-

337 2149 448 2194 latus
473 2161 537 2195 cst
561 2152 774 2208 Antonio,
800 2169 942 2212 neque
967 2152 1216 2212 desperatos
1244 2149 1432 2210 reliquit.

400 2234 477 2275 IX.
518 2234 724 2276 Secutum
757 2242 819 2276 est
848 2231 1015 2275 bellum
1050 2241 1218 2293 gestum
1252 2230 1369 2291 apud
1398 2231 1629 2274 Mutinam.
1668 2231 1717 2272 In

336 2329 422 2371 quo
447 2313 481 2355 si
508 2321 679 2356 tantum
704 2330 803 2356 eum
832 2312 1093 2373 prudentem
1120 2311 1288 2366 dicam,
1320 2311 1465 2353 minus
1488 2325 1618 2370 quam
1645 2307 1718 2350 de-

336 2393 484 2446 beam,
526 2393 784 2454 praedicem,
826 2410 963 2453 quum
999 2392 1070 2436 ille
1102 2393 1247 2453 potius
1283 2390 1456 2434 divinus
1493 2388 1647 2443 fuerit3
1685 2387 1717 2429 si

343 2474 557 2517 divinatio
573 2473 836 2534 appellanda
850 2484 915 2517 est
938 2482 1148 2534 perpetua
1178 2470 1387 2515 naturalis
1409 2470 1606 2524 bonitas,
1623 2483 1717 2527 quae

347 2553 475 2597 nullis
502 2555 673 2597 casibus
702 2570 842 2614 neque
870 2555 1034 2615 agitur,
1060 2569 1199 2612 neque
1219 2551 1444 2595 minuitur.
1466 2548 1612 2592 Hostis
1627 2550 1717 2592 An-

342 2636 488 2677 tonius
510 2635 732 2694 judicatus
766 2634 891 2678 Italia
934 2644 1141 2688 cesserat3
1173 2648 1268 2693 spes
1308 2628 1563 2674 restituendi
1599 2625 1719 2670 nulla
