1859 3310
608 251 1035 292 OBSERVATIONES.
1441 257 1512 290 903

136 345 214 367 non
240 332 290 368 ita
314 341 463 381 rogatus
489 333 713 380 respondeat
734 346 741 367 :
764 333 962 368 Miltiades.
985 336 1029 369 At
1051 334 1127 369 illic
1146 347 1325 382 nusquam
1345 337 1421 382 ejus
1440 352 1513 372 no-

136 406 221 429 men
241 394 456 441 inscriptum
477 401 540 429 est.
560 393 723 437 —Quid
746 393 918 429 ita?'non
941 395 1047 443 petiit
1070 396 1142 431 hoc
1162 397 1515 444 praemium?—-Pe-

135 455 193 489 tiit
222 455 392 502 quidem,
416 455 481 490 sed
511 456 673 502 populus
701 468 776 490 non
802 456 921 501 dedit3
943 470 1071 492 verum
1094 458 1127 492 ei
1155 471 1224 506 pro
1249 459 1413 494 nominis
1438 460 1515 494 ins-

135 517 317 564 criptione
337 517 536 561 concessit,
560 524 599 551 ut
623 517 762 564 primus
780 518 915 554 milites
938 520 1136 555 cohortans
1161 520 1387 568 pingeretur.
1415 536 1429 552 »

188 580 290 614 Patet
315 591 359 613 ex
379 578 435 613 his
461 578 621 613 oratoris
646 579 789 624 verbis,
810 587 851 614 ut
870 588 904 616 et
929 594 949 616 e
971 582 1162 628 scriptoris
1185 582 1353 617 historici
1382 595 1514 618 narra—

133 640 253 684 tione,
271 652 361 674 mox
387 647 472 687 post
495 652 659 688 pugnam
677 642 969 687 Marathoniam,
993 642 1163 678 Miltiade
1180 643 1300 678 adhuc
1319 643 1466 678 vivente
1480 650 1516 678 et

134 701 275 745 libero,
296 702 463 738 tabulam
481 702 578 738 hanc
599 715 677 737 esse
691 703 909 738 confectam.
930 705 1059 751 Itaque
1078 705 1125 740 ad
1140 705 1333 752 praemium
1353 705 1517 740 Miltiadi

133 762 316 797 tributum
335 775 411 797 non
438 763 599 810 pertinet
618 763 674 808 id,
695 765 796 812 quod
821 765 966 800 Plinius
988 765 1118 810 refert,
1141 766 1234 801 Hist.
1259 767 1344 801 Nat.
1358 794 1367 810 ,
1397 779 1516 810 XXXV,

135 822 178 867 8,
203 824 375 871 proelium
400 825 678 861 Marathonium
701 839 721 861 a
743 828 922 871 Panaeno,
943 827 1055 862 fratre
1077 828 1238 871 Phidiae,
1264 840 1341 863 esse
1361 828 1516 875 pictum,

132 897 201 920 nec
221 886 324 933 quod
351 888 543 931 AElianus,
574 888 637 935 qui
656 889 865 936 Polygnoto
883 889 1022 924 celebri
1041 889 1247 925 admodum
1264 889 1399 936 pictori
1420 890 1516 935 ejus—

133 947 217 982 dem
241 947 388 996 generis
406 961 499 995 opus
523 949 561 984 in
580 950 725 985 Poecile
752 951 900 995 tribuit;
920 950 959 985 hi
984 950 1083 986 enim
1103 951 1178 985 duo
1196 951 1321 985 multis
1344 958 1426 997 post
1445 964 1517 998 pu-

133 1020 244 1055 gnam
269 1010 546 1045 Marathoniam
570 1011 676 1045 annis
699 1011 880 1058 pingendi
905 1019 982 1047 arte
1004 1012 1266 1047 inclaruerunt.
1286 1012 1518 1046 Renovatam

134 1071 257 1117 potius
281 1079 365 1118 post
388 1072 598 1107 combustas
623 1086 641 1106 a
664 1073 787 1107 Xerxe
814 1073 997 1117 Athenas,
1025 1086 1087 1108 seu
1115 1073 1224 1109 etiam
1246 1073 1439 1120 repetitam
1461 1073 1518 1108 his

132 1131 340 1179 pictoribus
365 1145 499 1181 pugnae
525 1133 770 1169 Marathoniae
800 1134 966 1169 tabulam
998 1135 1121 1170 credo.
1153 1134 1404 1170 Confirmatur
1430 1135 1517 1170 inde

133 1193 189 1236 id,
209 1193 313 1240 quod
332 1194 460 1229 asserit
478 1194 621 1230 Plinius
640 1196 663 1230 l.
685 1208 714 1230 c.
728 1222 737 1239 ,
756 1208 907 1230 summae
930 1196 1158 1244 antiquitatis
1182 1209 1259 1232 esse
1285 1196 1384 1244 apud
1401 1197 1518 1232 Athe-

133 1255 279 1292 nienses
300 1263 417 1292 artem
441 1256 642 1305 pingendi,
662 1264 698 1292 et
715 1265 860 1293 mature
886 1271 949 1293 eos
978 1258 1024 1293 ad
1046 1260 1192 1294 culmen
1214 1259 1426 1306 pervenisse
1440 1285 1449 1302 ,
1470 1258 1520 1294 ita

133 1323 172 1352 ut
186 1317 263 1363 jam
278 1318 477 1354 Candaulis
489 1346 499 1364 ,
524 1318 548 1354 i.
568 1332 598 1354 e.
624 1320 775 1354 Romuli
804 1327 925 1364 aetate,
942 1321 1090 1368 Olymp.
1114 1332 1159 1355 22
1171 1348 1180 1365 ,
1196 1320 1391 1355 manifesta
1410 1320 1521 1354 fuerit

134 1379 222 1414 artis
233 1380 379 1415 claritas
398 1387 506 1427 atque
521 1381 719 1416 absolutio.
740 1381 838 1416 Dicit
857 1382 996 1417 Plinius
1009 1410 1018 1427 ,
1031 1384 1229 1416 Panaenum
1240 1409 1249 1426 ‚
1263 1381 1415 1417 fratrem
1428 1381 1520 1417 Phi-

136 1440 227 1486 diae,
252 1441 426 1488 proelium
449 1442 727 1477 Marathonium
755 1442 918 1490 pinxisse
943 1457 951 1478 z
976 1460 990 1475 «
1013 1444 1120 1479 Adeo
1142 1444 1219 1490 jam
1246 1444 1413 1478 colorum
1438 1456 1521 1478 usus

135 1503 417 1549 percrebuerat,
442 1504 612 1551 adeoque
635 1517 693 1540 ars
711 1505 871 1552 perfecta
898 1513 995 1550 erat,
1014 1513 1054 1540 ut
1077 1506 1115 1541 in
1136 1519 1179 1541 eo
1202 1506 1335 1553 proelio
1356 1505 1521 1541 iconicos

136 1564 246 1600 duces
268 1565 433 1612 pinxisse
461 1566 648 1610 tradatur,
674 1567 956 1603 Atheniensium
981 1568 1211 1612 Miltiadem,
1235 1568 1521 1613 Callimachum,

135 1627 381 1675 Cynegirum,
403 1629 653 1663 Barbarorum
675 1630 800 1664 Datim
814 1637 847 1665 et
871 1630 1150 1677 Artaphernem.
1175 1646 1189 1661 »
1210 1630 1416 1674 Quomodo
1439 1630 1522 1677 pin-

136 1701 222 1737 gere
249 1689 429 1737 potuisset
457 1690 610 1735 artifex,
636 1691 786 1726 Periclis
809 1699 912 1727 aetate
936 1691 1092 1737 florens,
1118 1704 1250 1740 pugnae
1278 1692 1522 1728 Marathoniae

137 1752 247 1787 duces
275 1751 460 1796 iconicos,
491 1752 564 1787 nisi
595 1765 678 1788 eum
702 1754 945 1801 praecessisset
963 1754 1100 1802 pictor,
1125 1766 1257 1802 pugnae
1276 1754 1330 1789 illi
1351 1753 1522 1789 coaevus?

136 1815 241 1850 Hanc
262 1813 413 1861 picturae
433 1815 692 1863 antiquitatem
711 1829 780 1851 nec
804 1816 915 1851 video
942 1817 1179 1851 observatam
1201 1829 1221 1852 a
1247 1823 1521 1851 commentato-

136 1877 239 1912 ribus
264 1876 450 1921 Cornelii,
475 1890 543 1912 nec
571 1878 656 1913 satis
682 1878 906 1914 vindicatam
936 1879 983 1913 ab
1006 1878 1094 1913 artis
1116 1879 1223 1925 hujus
1246 1878 1432 1913 historicis
1459 1890 1521 1912 re-

137 1938 387 1982 munoribus,
421 1939 485 1986 qui
511 1940 768 1986 praestantiora
800 1940 938 1987 quaevis
969 1940 1017 1975 ad
1039 1940 1188 1975 Periclis
1220 1947 1362 1975 aetatem
1386 1940 1524 1975 referre

137 2002 268 2036 solent.
1190 2032 1195 2037 .

189 2063 276 2098 VII.
314 2064 449 2099 Chabr.
482 2076 520 2107 1,
554 2065 572 2107 S
601 2076 621 2098 2
649 2076 657 2097 :
694 2079 708 2094 «
744 2063 973 2110 Obnixoque
1005 2075 1102 2111 genu
1135 2070 1259 2107 scuto,
1285 2063 1525 2110 projectaque

141 2126 247 2161 hasta
268 2125 446 2172 impetum
469 2125 641 2172 excipere
663 2124 825 2160 hostium
849 2125 997 2169 docuit,
1022 2128 1040 2170 S
1067 2125 1101 2160 3.
1130 2126 1212 2160 Hoc
1239 2137 1353 2172 usque
1377 2138 1421 2160 eo
1450 2132 1523 2159 tota

141 2186 280 2221 Graecia
304 2186 400 2222 fama
425 2187 651 2222 celebratum
683 2193 757 2230 est,
786 2193 824 2220 ut
855 2186 921 2222 illo
946 2194 1040 2222 statu
1069 2187 1249 2221 Chabrias
1271 2186 1345 2222 sibi
1368 2193 1524 2221 statuam

142 2247 224 2283 fieri
245 2248 422 2292 voluerit,
442 2261 521 2295 quae
543 2248 692 2295 publice
715 2248 749 2283 ei
771 2248 819 2282 ab
844 2248 1131 2284 Atheniensibus
1150 2249 1190 2284 in
1217 2249 1301 2284 foro
1327 2247 1524 2283 constituta

141 2317 205 2345 est.
229 2310 284 2344 Ex
313 2322 386 2356 quo
411 2309 545 2344 factum
573 2316 642 2353 est,
664 2316 703 2344 ut
726 2317 855 2356 postea
876 2311 1035 2354 athletae,
1061 2311 1248 2358 ceterique
1271 2309 1445 2353 artifices,
1470 2309 1526 2343 his

141 2371 296 2408 statibus
319 2371 358 2406 in
383 2371 510 2406 statuis
530 2371 717 2418 ponendis
739 2377 948 2416 uterentur,
970 2371 1010 2406 in
1034 2371 1167 2418 quibus
1192 2372 1386 2406 victoriam
1407 2378 1525 2406 essent

142 2433 281 2480 adepti.
305 2449 320 2464 »
345 2432 533 2480 Exscripsi
560 2433 684 2467 locum
711 2439 846 2477 totum,
874 2445 948 2480 quo
973 2433 1115 2468 facilius
1140 2434 1420 2480 dignoscantur,
1447 2445 1525 2479 quae

147 2495 190 2530 G.
210 2495 255 2530 E.
276 2495 434 2542 Lessing
448 2493 744 2541 ingeniosissime
763 2501 1033 2529 commentatus
1047 2502 1100 2530 est
1123 2495 1192 2529 sub
1214 2493 1327 2529 finem
1347 2493 1434 2528 libri
1453 2493 1525 2533 sui,

145 2555 208 2602 qui
238 2557 412 2590 Laocoon
444 2555 667 2590 inscribitur.
700 2555 894 2602 Quidquid
927 2556 973 2591 de
1008 2556 1118 2591 bonis
1149 2556 1280 2591 litteris
1311 2563 1347 2590 et
1384 2555 1525 2590 artibus

144 2617 290 2664 scripsit
315 2617 634 2664 praestantissimus
659 2616 737 2661 vir',
758 2629 839 2652 cum
870 2630 944 2664 quo
977 2617 1015 2652 in
1044 2618 1163 2665 prima
1188 2616 1437 2652 adolescentia
1464 2615 1524 2649 inf⁴

144 2678 234 2714 tima
268 2678 516 2714 familiaritate
547 2679 764 2725 conjunctus
796 2678 891 2723 vixi,
916 2680 999 2726 lego
1035 2692 1116 2714 cum
1139 2679 1297 2715 maxima
1321 2679 1522 2725 voluptate.
