1859 3310
344 246 572 282 CORNELII
601 242 809 277 NEPOTIS
838 240 1225 275 THEMISTOCLES.
1428 253 1465 274 ιι

111 330 268 383 factus,
291 345 378 371 non
393 326 532 371 solum
556 324 756 384 praesenti
779 321 914 378 bello,
930 321 1005 364 sed
1028 322 1158 365 etiam
1182 321 1347 380 reliquo
1368 332 1473 364 tem-

114 424 237 468 pore,
261 407 514 450 ferociorem
539 402 727 446 reddidit
745 402 977 445 civitatem.
1000 401 1113 443 Nam
1136 417 1271 459 quum
1290 400 1473 459 pecunia

114 485 308 546 publica,
345 501 438 544 quae.
470 500 518 526 ex
554 480 740 525 metallis
764 480 957 533 redibat,
988 478 1219 539 largitione
1253 479 1476 538 magistra-

117 574 239 609 tuum
266 563 497 622 quotannis
524 561 744 614 interiret;
783 558 855 602 illc
891 559 1104 619 persuasit
1143 557 1326 618 populo,
1353 567 1401 600 ut
1428 573 1476 600 ea

116 642 297 702 pecunia
327 640 473 685 classis
505 649 681 683 centum
708 638 884 682 navium
911 637 1211 681 aedificaretur.
1239 637 1340 692 Qua
1371 634 1479 679 cele-

116 721 220 763 riter
242 720 391 763 effecta
406 754 417 774 ,
441 720 631 779 primum
667 720 917 778 Corcyraeos
946 716 1093 776 fregit;
1120 715 1294 772 deinde,
1317 716 1480 758 mariti-

116 816 208 843 mos
223 799 447 860 praedones
469 797 778 849 consectando,
797 813 917 840 mare
935 806 1079 839 tutum
1101 795 1302 839 reddidit.
1320 797 1370 838 In
1394 810 1480 853 quo

119 896 251 940 quum
276 879 436 922 divitiis
464 879 656 934 ornavit,
685 888 774 921 tum
806 877 934 920 etiam
965 876 1247 936 peritissimos
1273 873 1375 917 belli
1408 889 1482 916 na-

117 959 222 1002 valis
245 958 347 1002 fecit
370 959 670 1003 Athenienses.
693 957 743 1001 Id
766 966 938 1017 quantae
963 954 1089 999 saluti
1119 954 1249 997 fuerit
1274 954 1483 996 universae

119 1040 315 1094 Graeciae,
354 1037 469 1081 bello
505 1038 729 1097 cognitum
758 1046 819 1079 est
844 1036 1044 1088 Persico,
1072 1050 1205 1093 quum
1240 1035 1407 1076 Xerxes
1443 1041 1485 1074 et

122 1119 230 1162 mari
253 1126 295 1160 et
318 1126 434 1160 terra
453 1115 616 1159 bellum
643 1116 854 1158 universae
875 1114 1055 1157 inferret
1071 1115 1256 1172 Europae
1272 1127 1370 1154 cum
1390 1120 1486 1153 tan-

121 1198 177 1241 tis
214 1197 373 1257 copiis,
409 1205 593 1256 quantas
623 1211 763 1254 neque
799 1203 946 1246 antea,
975 1209 1116 1252 neque
1151 1201 1300 1251 postea
1336 1189 1489 1232 habuit.

121 1277 364 1336 quisquam.
382 1276 524 1335 Hujus
552 1275 668 1318 enim
697 1273 841 1317 classis
875 1271 994 1316 mille
1019 1281 1061 1315 et
1093 1271 1381 1314 ducentarum
1417 1284 1490 1311 na·

123 1357 241 1400 vium
264 1355 494 1416 longarum
524 1354 625 1411 fuit,
657 1370 787 1414 quam
815 1352 902 1396 duo
932 1350 1067 1395 millia
1097 1351 1395 1394 onerariarum
1424 1364 1489 1390 se-

125 1436 370 1495 quebantur
399 1452 408 1478 :
439 1444 663 1478 terrestres
686 1442 831 1477 autem
868 1432 1083 1476 exercitus
1115 1430 1488 1490 septingentorum

127 1513 312 1558 millium
352 1514 566 1574 peditum,
607 1514 803 1572 equitum
843 1511 1265 1571 quadringentorum
1303 1506 1489 1550 millium

127 1594 315 1637 fuerunt.
337 1594 474 1653 Cujus
502 1593 554 1637 de
574 1592 762 1637 adventu
780 1608 916 1651 quum
933 1591 1047 1634 fama
1070 1591 1114 1632 in
1139 1589 1356 1633 Graeciam
1383 1596 1493 1630 esset

129 1672 313 1733 perlata,
336 1682 378 1716 et
403 1673 589 1716 maxime
608 1672 893 1716 Athenienses
912 1671 1000 1730 peti
1024 1669 1293 1722 dicerentur,
1315 1675 1494 1726 propter

128 1768 316 1813 pugnam
355 1751 698 1805 Marathoniam3
739 1751 954 1793 miserunt
986 1747 1183 1808 Delphos
1224 1745 1495 1795 consultum,

129 1830 336 1890 quidnam
366 1830 557 1874 facerent
585 1829 637 1873 de
662 1829 791 1872 rebus
823 1829 923 1872 suis.
955 1826 1312 1872 Deliberantibus
1341 1825 1496 1884 Pythia

131 1911 374 1971 respondit,
405 1921 456 1954 ut
480 1910 693 1954 moenibus
724 1908 879 1969 ligneis
904 1924 948 1951 se
980 1908 1216 1950 munirent.
1240 1904 1291 1948 Id
1319 1920 1498 1963 respon-

132 2007 225 2034 sum
253 2007 340 2051 quo
359 1990 536 2045 valeret,
561 2006 697 2049 quum
727 1987 991 2048 intelligeret
1015 2003 1163 2039 nemo,
1181 1982 1500 2029 Themistocles

132 2071 366 2130 persuasit,
392 2068 620 2114 consilium
646 2085 736 2112 esse
758 2067 996 2128 Apollinis,
1029 2077 1078 2109 ut
1106 2067 1150 2108 in
1178 2082 1308 2108 naves
1332 2081 1375 2107 se
1401 2080 1499 2107 sua-

134 2166 216 2209 que
246 2149 518 2205 conferrent;
554 2165 652 2192 eum
676 2149 792 2191 enim
820 2164 844 2190 a
872 2149 966 2190 Deo
990 2146 1224 2207 significari
1245 2160 1422 2187 murum
1451 2141 1502 2185 li-

138 2244 306 2288 gneum.
330 2227 424 2272 Tali
448 2226 629 2271 consilio
648 2227 853 2287 probato,
874 2225 1042 2269 addunt
1064 2224 1118 2268 ad
1141 2224 1383 2284 superiores
1407 2223 1504 2265 toti-

142 2307 235 2350 dem
268 2323 399 2351 naves
430 2308 649 2362 triremes;
685 2323 846 2366 suaque
876 2306 1040 2361 omnia,
1068 2321 1162 2364 quae
1197 2304 1362 2347 moveri
1387 2311 1505 2362 pote-

139 2396 256 2441 rant,
284 2388 441 2447 partim
475 2386 714 2435 Salamina,
748 2386 908 2446 partim
934 2387 1141 2428 Troezena
1168 2391 1413 2443 asportant3
1440 2398 1506 2424 ar-

140 2482 230 2509 cem
270 2466 566 2509 sacerdotibus
602 2465 837 2526 paucisque
872 2464 1108 2524 majoribus
1145 2472 1268 2517 natu,
1300 2479 1348 2505 ac
1386 2477 1504 2504 sacra

142 2545 414 2605 procuranda
440 2545 635 2599 tradunt,
664 2544 879 2604 reliquum
906 2544 1116 2604 oppidum
1137 2542 1403 2602 relinquunt,

205 2628 282 2669 III.
309 2627 448 2685 Hujus
471 2624 700 2669 consilium
727 2624 943 2684 plerisque
967 2624 1214 2667 civitatibus
1238 2621 1508 2682 displicebat,
