1859 3310
738 264 979 298 EUMEers.
1488 281 1537 318 99

175 342 253 398 sis,
283 360 327 387 se
352 344 589 404 expedivit,
621 354 664 387 et
697 345 740 387 in
773 345 998 389 castellum
1019 346 1238 407 Phrygiae,
1272 347 1390 406 quod
1417 350 1535 392 Nora

175 423 441 483 appellatur,
469 423 677 485 confugit.
700 427 751 468 In
776 441 863 484 quo
891 442 1026 485 quum
1057 426 1466 483 circumsederetur,
1496 439 1537 472 et

173 511 421 556 vereretur,
455 518 509 545 ne
537 518 627 547 uno
654 502 749 547 loco
777 521 956 548 manens
988 521 1122 564 equos
1150 504 1358 549 militares
1382 505 1536 565 perde-

173 589 257 636 ret,
281 580 399 639 quod
422 580 609 641 spatium
632 599 720 626 non
741 592 849 626 esset
872 583 1064 644 agitandi
1083 600 1093 640 3
1117 583 1322 627 callidum
1345 584 1428 627 fuit
1447 584 1536 644 ejus

172 659 397 703 inventum
408 693 420 716 ,
429 660 799 721 quemadmodum
815 672 935 708 stans
946 664 1197 724 jumentum
1208 703 1210 705 ,
1221 664 1408 708 calefieri
1422 683 1541 710 exer-

171 737 345 800 cerique
360 750 525 801 posset,
541 758 629 802 quo
652 740 855 785 libentius
878 753 921 786 et
936 745 1032 788 cibo
1052 755 1268 801 uteretur,
1284 754 1328 789 et
1346 762 1367 788 a
1384 761 1535 804 corpo-

170 819 229 862 ris
239 828 361 863 motu
376 836 464 863 non
472 831 781 865 removeretur.
792 823 1123 884 Substringebat
1137 834 1270 884 caput
1286 824 1378 866 loro
1393 823 1537 878 altius,

169 914 301 958 quam
321 909 370 942 ut
386 900 604 960 prioribus
621 901 804 961 pedibus
819 901 946 963 plane
964 913 1125 946 terram
1144 913 1290 962 posset
1306 904 1533 963 attingere.

168 978 338 1022 Deinde
367 988 465 1039 post
494 980 746 1024 verberibus
778 982 960 1042 cogebat
984 980 1212 1037 exsultare,
1228 992 1271 1025 et
1306 981 1442 1025 calces
1473 998 1538 1024 re-

169 1057 341 1100 mittere
373 1074 382 1100 :
421 1059 496 1117 qui
537 1067 681 1101 motus
723 1076 810 1102 non
848 1061 991 1103 minus
1027 1059 1230 1103 sudorem
1266 1061 1536 1114 excutiebat,

168 1152 300 1196 quam
325 1137 359 1180 si
386 1137 430 1179 in
453 1137 592 1197 spatio
609 1137 874 1181 decurreret.
900 1139 1003 1195 Quo
1022 1138 1184 1182 factum
1202 1149 1287 1195 est,
1307 1139 1424 1199 quod
1448 1156 1537 1183 om-

166 1215 295 1259 nibus
332 1215 529 1259 mirabile
566 1225 630 1260 est
662 1217 825 1273 visum,
869 1227 917 1260 ut
940 1218 1138 1278 jumenta
1168 1235 1288 1279 aeque
1317 1218 1455 1262 nitida
1485 1235 1534 1263 ex

166 1294 343 1339 castello
367 1294 591 1351 educeret,
616 1312 752 1356 quum
775 1296 1023 1356 complures
1050 1314 1218 1340 menses
1242 1298 1286 1340 in
1309 1298 1535 1342 obsidione

164 1375 340 1432 fuisset,
365 1391 417 1418 ac
443 1375 478 1418 si
502 1375 546 1418 in
574 1377 888 1436 campestribus
913 1394 963 1421 ea
990 1376 1096 1421 locis
1120 1378 1354 1422 habuisset.
1378 1381 1431 1422 In
1453 1378 1535 1422 hac

164 1454 467 1511 conclusione,
494 1456 837 1517 quotiescunque
863 1454 1021 1513 voluit,
1045 1467 1306 1519 apparatum
1330 1468 1374 1502 et
1391 1459 1535 1502 muni-

165 1535 306 1578 tiones
327 1535 538 1595 Antigoni
562 1533 666 1579 alias
692 1535 911 1592 incendit,
936 1535 1041 1582 alias
1070 1539 1251 1598 disjecit.
1276 1539 1435 1582 Tenuit
1457 1554 1534 1582 au-

164 1624 254 1658 tem
273 1630 317 1658 se
339 1631 428 1658 uno
456 1613 572 1669 loco,
601 1615 796 1674 quandiu
818 1616 902 1661 fuit
922 1617 1074 1661 hiems.
1099 1617 1181 1661 Sed
1202 1618 1320 1677 quod
1343 1627 1533 1662 castrum

161 1693 353 1737 subsidia
376 1693 536 1737 habere
559 1710 648 1736 non
670 1704 862 1756 poterat,
888 1706 932 1740 et
958 1712 1034 1739 ver
1061 1697 1462 1757 appropinquabat,
1479 1698 1534 1740 si-

160 1772 326 1817 mulata
361 1772 604 1832 deditione,
640 1774 745 1818 dum
779 1774 832 1818 de
869 1775 1193 1820 conditionibus
1225 1785 1402 1833 tractat,
1424 1792 1534 1837 prae-

159 1853 283 1898 fectis
306 1854 516 1914 Antigoni
550 1854 782 1915 imposuit,
802 1871 931 1914 seque
966 1870 1016 1898 ac
1044 1871 1144 1898 suos
1168 1870 1319 1898 ornnes
1348 1856 1531 1898 extraxit

160 1931 415 1977 incolumes.

222 2014 302 2056 VI.
326 2012 394 2057 Ad
416 2013 533 2056 hunc
559 2012 803 2073 Olympias,
830 2021 969 2056 mater
991 2029 1086 2072 quae
1114 2012 1254 2055 fuerat
1278 2011 1532 2069 Alexandri,

160 2109 297 2152 quum
322 2092 488 2137 litteras
511 2104 555 2136 et
577 2094 754 2136 nuntios
782 2093 969 2135 misisset
990 2092 1035 2135 in
1062 2092 1232 2146 Asiam,
1259 2091 1530 2148 consultum,

161 2181 312 2215 utrum
333 2173 568 2232 repetitum
585 2171 889 2215 Macedoniam
906 2172 1073 2214 veniret
1084 2170 1207 2231 (nam
1233 2181 1326 2214 tum
1342 2172 1386 2214 in
1400 2172 1532 2231 Epiro

161 2250 425 2310 habitabat),
452 2261 495 2294 et
517 2267 587 2295 eas
611 2267 678 2294 res
703 2260 961 2310 occuparet3
988 2251 1091 2293 huic
1114 2249 1187 2294 ille
1214 2251 1405 2311 primum
1431 2267 1528 2293 sua-

164 2331 238 2386 sit,
253 2346 308 2374 ne
332 2346 376 2374 se
390 2339 605 2385 moveret,
624 2339 665 2373 et
685 2338 975 2388 exspectaret,
1001 2329 1145 2388 quoad
1166 2329 1398 2373 Alexandri
1418 2329 1532 2372 filius

163 2426 345 2471 regnum
367 2408 677 2469 adipisceretur
699 2426 707 2452 :
728 2410 793 2452 sin
817 2407 961 2468 aliqua
984 2408 1222 2468 cupiditate
1240 2418 1467 2468 raperetur
1485 2409 1530 2451 in

162 2488 486 2544 Macedoniam,
516 2488 713 2531 omnium
744 2488 1003 2547 injuriarum
1035 2486 1385 2543 oblivisceretur,
1420 2496 1462 2531 et
1487 2488 1530 2530 in

164 2569 380 2613 neminem
419 2568 639 2612 acerbiore
673 2576 871 2610 uteretur
901 2567 1100 2626 imperio.
1134 2569 1302 2610 Horum
1341 2566 1449 2610 nihil
1483 2582 1532 2609 ea

164 2647 288 2704 fecit3
313 2664 413 2692 nam
437 2657 480 2691 et
504 2648 548 2690 in
570 2645 872 2690 Macedoniam
897 2645 1093 2705 profecta
1120 2656 1204 2700 est,
1228 2655 1272 2689 et
1293 2646 1353 2689 ibi
1378 2645 1531 2689 crude-

1310 2743 1349 2786 7.
