1859 3310
223 238 326 252 xxx=xxoe5
332 237 435 249 xxmxxwx
441 235 541 249 ιιιιιιι.
547 235 571 246 vt
577 229 1179 246 tw=lv=¹==wwwiuvvwwtvxwwv!xxxuwwvuxxu
1184 224 1331 239 ··=x=xx1===
1337 225 1391 237 ιλιι
1398 227 1422 238 §x
1428 227 1436 237 ι
1442 226 1482 238 ιιι

778 410 865 451 ΙΧ.

642 627 1000 694 CONON.

171 1049 197 1072 Ἴ

137 1051 345 1141 (ΛΟΝΟΝ,
364 1087 650 1142 Atheniensis,
670 1085 983 1146 Peloponnesio
1008 1083 1121 1128 bello
1139 1080 1312 1126 accessit
1328 1078 1382 1123 ad
1400 1095 1510 1122 rem-

136 1166 368 1227 publicam,
390 1159 590 1226 ineoque
605 1166 696 1225 ejus
716 1181 849 1226 opera
867 1164 1011 1224 magni
1038 1163 1131 1206 fuit.
1158 1163 1273 1206 Nam
1294 1170 1335 1204 et
1354 1168 1512 1220 praetor

136 1247 404 1308 pedestribus
434 1246 691 1291 exercitibus
724 1244 917 1305 praefuit,
951 1254 994 1287 et
1023 1243 1248 1304 praefectus
1276 1241 1419 1285 classis
1445 1255 1511 1283 res

135 1343 311 1387 magnas
338 1327 448 1370 mari
473 1327 614 1387 gessit.
640 1325 762 1381 Quas
789 1325 844 1368 ob
869 1340 1017 1368 causas
1042 1323 1286 1384 praecipuus
1310 1322 1347 1364 ei
1373 1320 1510 1363 honos

135 1407 307 1451 habitus
340 1417 414 1450 est.
449 1408 650 1468 Namque
682 1406 885 1450 omnibus
919 1421 1030 1448 unus
1064 1402 1214 1447 insulis
1247 1401 1432 1464 praefuit.
1460 1403 1510 1444 In

137 1503 220 1547 qua
247 1496 454 1547 potestate
477 1488 638 1531 Pheras
661 1487 799 1547 cepit,
824 1484 1038 1529 coloniam
1063 1482 1508 1527 Lacedaemoniorum.

138 1567 237 1610 Fuit
270 1567 399 1610 etiam
433 1575 623 1610 extremo
653 1564 969 1626 Peloponnesio
1007 1562 1122 1607 bello
1160 1572 1338 1624 praetor,
1376 1577 1511 1621 quum

137 1645 254 1706 apud
275 1647 405 1706 AEgos
429 1645 591 1689 flumen
610 1645 744 1705 copiae
762 1644 1090 1690 Atheniensium
1115 1659 1139 1686 a
1162 1640 1388 1702 Lysandro
1413 1649 1514 1684 sunt

137 1724 327 1769 devictae.
348 1724 432 1769 Sed
455 1734 549 1769 tum
566 1724 717 1780 abfuit,
736 1740 872 1784 eoque
889 1724 1012 1785 pejus
1029 1739 1096 1766 res
1115 1721 1415 1765 administrata
1437 1730 1510 1764 est.

138 1806 250 1849 Nam
277 1815 321 1855 et*
347 1803 536 1865 prudens
568 1805 630 1848 rei
663 1803 882 1860 militaris,
912 1813 954 1847 et
987 1802 1170 1864 diligens
1204 1811 1295 1845 erat
1327 1800 1511 1862 imperii.

137 1887 286 1945 Itaque
312 1885 474 1928 nemini
501 1894 591 1928 erat
616 1884 682 1928 his
708 1884 976 1945 temporibus
1002 1882 1206 1939 dubium,
1235 1882 1270 1926 si
1302 1881 1512 1937 affuisset,

139 1964 256 2009 illam
286 1965 565 2009 Athenienses
590 1964 876 2008 calamitatem
908 1972 1159 2024 accepturos
1187 1978 1276 2006 non
1304 1961 1447 2006 fuisse.

200 2046 256 2088 II.
291 2045 439 2088 Rebus
472 2054 618 2088 autem
651 2044 819 2088 afflictis
845 2060 980 2103 quum
1005 2043 1189 2104 patriam
1214 2042 1402 2086 obsideri
1434 2057 1512 2085 au-

138 2123 285 2179 disset,
310 2141 399 2168 non
422 2125 619 2184 quaesivit
643 2123 717 2167 ubi
742 2123 832 2185 ipse
855 2132 947 2166 tuto
967 2123 1149 2177 viveret,
1172 2122 1246 2166 sed
1271 2122 1386 2166 unde
1406 2139 1515 2184 prae-

138 2202 248 2247 sidio
267 2213 411 2264 posset
430 2220 519 2247 esse
543 2203 709 2247 civibus
730 2203 832 2246 suis.
854 2204 1005 2263 Itaque
1031 2201 1214 2246 contulit
1236 2219 1280 2246 se
1304 2201 1358 2246 ad
1379 2202 1515 2246 Phar-

139 2282 367 2337 nabazum,
384 2291 599 2343 satrapem
615 2284 747 2326 Ioniae
764 2292 805 2325 et
821 2282 983 2342 Lydiae,
1000 2281 1288 2342 eumdemque
1307 2299 1513 2343 generum

139 2361 253 2422 regis
291 2371 332 2405 et
366 2362 664 2423 propinquum
698 2378 707 2404 :
744 2360 862 2422 apud
902 2377 1030 2420 quem
1070 2371 1118 2405 ut
1152 2360 1340 2405 multum
1379 2362 1514 2422 gratia

141 2439 319 2494 valeret,
355 2440 493 2484 multo
531 2439 677 2484 labore
712 2439 947 2500 multisque
979 2439 1123 2484 effecit
1154 2439 1369 2501 periculis.
1401 2441 1514 2485 Nam

142 2538 277 2581 quum
301 2519 641 2574 Lacedaemonii,
665 2520 1001 2564 Atheniensibus
1027 2520 1229 2576 devictis,
1251 2521 1296 2564 in
1317 2521 1515 2565 societate

144 2617 229 2644 non
273 2609 497 2644 manerent
531 2616 661 2660 quam
696 2616 795 2644 cum
836 2603 1070 2644 Artaxerxe
1110 2601 1295 2644 fecerant
1312 2635 1323 2657 ,
1368 2602 1511 2662 Agesi-
