1859 3310
349 211 362 233 1
373 208 390 240 f.
399 206 418 240 4
799 197 1032 232 CORNELII
1064 197 1271 232 NEPOTIS

346 284 390 326 in
424 283 619 326 sestertio
659 283 809 337 vicies,
844 282 961 342 quod
997 300 1021 325 a
1053 292 1174 343 patre
1209 289 1452 340 acceperat,
1491 295 1646 340 parum
1683 296 1725 322 sc

345 361 568 423 splendide
594 363 793 422 gesserit,
820 378 960 421 neque
987 362 1031 404 in
1065 362 1260 405 sestertio
1289 361 1447 404 centies
1475 359 1724 403 affluentius

345 442 499 485 vixerit
511 476 522 497 ,
537 457 669 501 quam
684 442 951 495 instituerat,
966 441 1146 501 parique
1165 441 1337 502 fastigio
1357 440 1523 483 steterit
1547 440 1591 482 in
1609 449 1727 482 utra·

347 538 430 581 que
450 520 636 564 fortuna.
667 518 822 564 Nullos
847 520 1000 563 habuit
1022 520 1197 577 hortos,
1221 520 1386 564 nullam
1408 519 1727 576 suburbanam,

346 610 421 644 aut
433 600 694 642 maritimam
709 608 1010 660 sumptuosam
1021 598 1188 655 villam,
1200 617 1340 660 neque
1354 601 1397 643 in
1412 599 1556 655 Italia,
1572 608 1728 659 praeter

347 678 630 723 Ardeatinum
651 689 694 722 et
712 680 1039 723 Nomentanum
1053 714 1063 736 ,
1077 680 1290 723 rusticum
1311 679 1543 740 praedium3
1566 679 1728 722 omnis-

346 775 430 818 que
456 759 547 818 ejus
581 760 776 820 pecuniae
802 758 968 803 reditus
1000 759 1226 803 constabat
1255 760 1300 802 in
1330 760 1562 820 Epiroticis
1591 769 1632 802 et
1657 776 1729 802 ur-
1765 769 1776 780 ·

346 838 469 882 banis
490 839 848 900 possessionibus.
869 842 933 883 Ex
955 856 1046 899 quo
1063 839 1267 900 cognosci
1291 848 1455 900 potest,
1476 855 1577 882 eum
1598 855 1726 881 usum

347 919 540 979 pecuniae
565 936 654 962 non
675 919 1000 980 magnitudine,
1019 919 1092 963 sed
1117 920 1308 975 ratione,
1336 919 1478 962 metiri
1506 917 1694 961 solitum.

409 1000 507 1043 XV.
533 998 815 1043 Mendacium
850 1017 990 1060 neque
1026 999 1215 1055 dicebat,
1247 1015 1387 1059 neque
1417 999 1506 1060 pati
1543 1007 1725 1059 poterat.

346 1080 498 1139 Itaque
522 1079 613 1139 ejus
640 1081 819 1124 comitas
844 1097 934 1124 non
966 1082 1057 1124 sine
1084 1080 1310 1124 severitate
1330 1089 1441 1134 erat,
1468 1094 1608 1138 neque
1631 1093 1729 1138 gra-

347 1160 456 1203 vitas
489 1160 580 1204 sine
613 1160 817 1204 facilitate
845 1178 853 1204 ε
884 1171 933 1205 ut
959 1160 1133 1205 difficile
1169 1170 1280 1204 esset
1309 1159 1551 1215 intellectu,
1580 1168 1729 1201 utrum

347 1257 447 1283 eum
467 1241 593 1283 amici
618 1243 754 1301 magis
784 1252 1058 1297 vererentur,
1085 1259 1139 1285 an
1165 1251 1373 1285 amarent.
1403 1238 1631 1299 Quidquid
1657 1255 1727 1282 ro-

348 1320 554 1380 gabatur,
584 1320 782 1381 religiose
816 1322 1119 1382 promittebat3
1147 1321 1265 1381 quod
1292 1338 1379 1365 non
1411 1318 1619 1375 liberalis,
1654 1317 1727 1362 sed

347 1399 472 1457 levis,
493 1401 808 1457 arbitrabatur,
835 1400 1050 1463 polliceri,
1075 1401 1194 1462 quod
1222 1411 1426 1462 praestare
1456 1416 1545 1442 non
1569 1407 1724 1460 posset.

346 1480 467 1524 Idem
493 1482 537 1524 in
562 1479 763 1538 nitendo,
783 1482 902 1542 quod
927 1481 1056 1526 semel
1081 1483 1325 1537 annuisset,
1353 1490 1472 1523 tanta
1498 1489 1589 1523 crat
1608 1495 1726 1533 cura,

348 1571 398 1604 ut
421 1578 510 1605 non
534 1561 804 1618 mandatam,
831 1562 905 1606 sed
931 1579 1054 1606 suam
1074 1579 1166 1606 rem
1186 1561 1408 1605 videretur
1433 1577 1570 1622 agere.
1599 1561 1726 1605 Nun-

349 1658 480 1702 quam
514 1644 703 1704 suscepti
744 1644 908 1704 negotii
941 1660 1040 1687 eum
1080 1653 1311 1704 pertaesum
1348 1652 1424 1686 est.
1456 1645 1587 1686 Suam
1613 1642 1727 1685 enim

348 1723 711 1767 existimationem
738 1724 782 1767 in
806 1740 855 1767 ea
881 1740 927 1767 re
957 1725 1026 1784 agi
1053 1725 1256 1785 putabat,
1289 1740 1376 1783 qua
1403 1721 1508 1766 nihil
1543 1721 1729 1765 habebat

348 1803 503 1847 carius.
518 1804 620 1861 Quo
644 1803 794 1859 fiebat,
819 1814 868 1847 ut
893 1805 1040 1847 onmia
1054 1805 1338 1859 Ciceronum,
1356 1803 1556 1858 Catonis,
1573 1802 1728 1856 Marii,

347 1884 402 1941 Q.
429 1885 672 1939 Hortensii,
694 1883 795 1929 Auli
826 1885 1059 1945 Torquati,
1091 1883 1332 1928 multorum
1362 1893 1568 1945 praeterea
1606 1882 1727 1942 equi-

348 1972 443 2008 tum
471 1981 757 2008 romanorum
775 1966 949 2025 negotia
972 1974 1242 2025 procuraret.
1258 1966 1322 2007 Ex
1341 1980 1428 2023 quo
1443 1962 1630 2022 judicari
1649 1978 1726 2022 po-

349 2052 481 2099 terat,
499 2060 588 2088 non
613 2045 788 2100 inertia,
815 2044 889 2088 sed
902 2044 1088 2103 judicio,
1116 2044 1276 2104 fugisse
1300 2042 1548 2103 reipublicae
1572 2058 1729 2103 procu-

349 2124 576 2167 rationem.

415 2205 534 2247 XVI.
554 2205 850 2248 Humanitatis
874 2221 976 2248 vero
1003 2203 1176 2248 nullum
1199 2205 1355 2248 afferre
1376 2204 1515 2264 majus
1539 2203 1728 2247 testimo-

350 2284 472 2327 nium
499 2300 707 2345 possum,
740 2301 872 2344 quam
906 2284 1024 2345 quod
1055 2284 1302 2329 adolescens
1335 2284 1447 2328 idem
1478 2284 1568 2328 seni
1599 2282 1727 2328 Sullae

350 2362 481 2406 fuerit
507 2363 871 2421 jucundissimus,
899 2381 1027 2409 senex
1061 2364 1320 2409 adolescenti
1349 2365 1412 2408 M.
1444 2366 1600 2418 Bruto;
1626 2379 1727 2406 cum

352 2442 588 2504 aequalihus
611 2454 756 2488 autem
783 2446 892 2500 suis,
917 2446 972 2503 Q.
999 2446 1235 2489 Hortensio
1258 2454 1300 2488 et
1320 2445 1382 2488 M.
1413 2445 1641 2497 Cicerone,
1668 2444 1727 2486 sic

353 2525 529 2580 vixerit,
554 2535 604 2568 ut
624 2525 820 2584 judicare
848 2525 1021 2570 difficile
1047 2529 1125 2584 sit,
1152 2528 1222 2571 cui
1251 2526 1365 2569 aetati
1400 2524 1529 2568 fuerit
1563 2524 1729 2584 aptissi-

355 2621 462 2648 mus.
483 2606 749 2665 Quanquam
772 2623 872 2650 eum
902 2611 1118 2668 praecipue
1135 2605 1283 2650 dilexit
1299 2606 1472 2660 Cicero,
1494 2614 1541 2649 ut
1566 2620 1619 2648 ne
1642 2603 1729 2647 fra-
