1859 3310
386 211 432 247 38
831 211 1057 246 CORNELII
1089 212 1291 247 NEPOTls

386 296 529 340 citiam
560 295 638 338 sibi
668 311 765 338 cum
792 295 1047 355 quibusdam
1080 296 1252 356 regibus
1280 295 1474 340 Thraciae
1502 305 1737 354 pepererat.

445 375 565 418 VIII.
590 375 742 434 Neque
767 383 909 417 tamen
938 390 962 417 a
988 375 1165 418 caritate
1189 375 1337 434 patriae
1361 375 1503 434 potuit
1526 372 1736 416 recedere.

381 454 492 496 Nam
520 469 650 512 quum
681 451 797 512 apud
826 454 953 510 AEgos
983 452 1144 495 flumen
1166 452 1400 506 Philocles,
1425 460 1584 514 praetor
1605 450 1740 495 Athe-

381 533 615 587 niensium,
630 530 806 575 classem
819 531 1112 574 constituisset
1122 548 1258 587 suam,
1277 547 1415 591 neque
1431 530 1560 592 longe
1573 530 1741 574 abesset

379 612 620 673 Lysander,
648 621 807 671 praetor
835 610 1260 655 Laeedaemoniorum
1275 647 1285 664 ,
1309 613 1383 671 qui
1405 612 1450 654 in
1473 628 1524 655 eo
1550 619 1640 655 erat
1667 626 1740 654 oe-

379 701 581 752 cupatus,
603 700 650 734 ut
670 689 833 734 bellum
857 706 986 750 quam
1011 690 1251 734 diutissime
1275 690 1473 744 duceret,
1497 689 1613 750 quod
1638 690 1739 749 ipsis

380 770 563 830 pecunia
600 785 626 813 a
657 785 757 830 rege
797 768 1183 829 suppeditabatur,
1216 779 1370 813 contra
1408 768 1740 813 Atheniensibus

377 849 618 904 exhaustis,
640 858 797 908 praeter
821 864 940 891 arma
962 857 1002 891 et
1024 865 1153 891 naves
1167 882 1177 902 ,
1199 846 1307 890 nihil
1326 857 1416 890 erat
1438 863 1567 908 super
1590 864 1599 890 :
1627 846 1740 891 Alci-

378 927 522 972 biades
553 927 607 971 ad
640 928 879 971 exercitum
907 927 1024 970 venit
1048 926 1404 976 Atheniensium,
1435 926 1600 984 ibique,
1634 942 1738 986 prae-

377 1016 496 1050 sente
516 1005 658 1067 vulgo,
679 1023 804 1067 agere
828 1006 957 1066 coepit
978 1022 986 1048 :
1003 1006 1079 1049 «Si
1102 1004 1284 1062 vellent,
1304 1022 1347 1049 se
1365 1015 1618 1049 coacturum
1637 1006 1740 1065 Lys-

377 1086 564 1130 andrum
603 1097 678 1130 aut
706 1087 931 1143 dimicare,
965 1096 1039 1130 aut
1070 1103 1219 1147 pacem
1250 1096 1394 1146 petere
1429 1103 1436 1128 :
1466 1085 1740 1129 Lacedaemo-

382 1166 471 1208 nios
507 1182 556 1209 eo
589 1165 705 1210 nolle
736 1167 966 1227 confligere
993 1165 1148 1221 classe,
1171 1166 1288 1226 quod
1313 1166 1582 1226 pedestribus
1605 1165 1740 1225 copiis
1773 1207 1784 1218 ,

379 1244 492 1304 plus,
508 1262 638 1305 quam
661 1247 863 1301 navibus,
885 1245 1077 1290 valerent
1096 1263 1104 1289 :
1125 1246 1205 1289 sibi
1224 1256 1366 1289 autem
1389 1262 1478 1289 esse
1498 1243 1622 1289 facile
1637 1246 1740 1289 Seu-

378 1323 478 1367 then
491 1359 501 1378 ‚
517 1341 663 1385 regem
685 1326 923 1381 Thracum,
944 1325 1176 1381 deducere,
1198 1334 1245 1369 ut
1265 1342 1336 1368 eos
1357 1335 1470 1369 terra
1489 1323 1739 1385 depelleret,

377 1419 463 1462 quo
486 1403 623 1460 facto,
648 1406 886 1449 necessario
911 1415 986 1448 aut
1005 1404 1138 1449 classe
1157 1405 1456 1461 conssicturos,
1482 1414 1555 1448 aut
1578 1403 1740 1447 bellum

377 1484 703 1543 composituros.
726 1484 777 1528 Id
802 1486 881 1529 etsi
898 1501 999 1529 vere
1015 1484 1179 1528 dietum
1197 1483 1408 1527 Philocles
1425 1482 1739 1527 animadverte-

378 1562 466 1617 bat,
501 1573 646 1608 tamen
677 1563 894 1624 postulata
924 1564 1063 1608 facere
1096 1563 1261 1619 noluit3
1291 1563 1407 1624 quod
1433 1562 1644 1607 sentiebat
1677 1579 1740 1616 se,

376 1639 597 1685 Alcibiade
633 1653 826 1704 recepto,
847 1643 1007 1687 nullius
1035 1644 1244 1687 momenti
1272 1642 1386 1703 apud
1418 1644 1655 1686 exercitum
1679 1643 1741 1686 fu-

377 1730 545 1776 turun13
566 1731 628 1777 et,
662 1723 696 1765 si
733 1723 838 1782 quid
869 1722 1046 1766 secundi
1082 1724 1312 1777 evenisset,
1349 1721 1513 1766 nullam
1544 1724 1587 1765 in
1619 1739 1666 1766 ea
1696 1739 1741 1766 re

377 1816 496 1843 suam
514 1811 682 1860 partem
708 1801 819 1854 fore,
839 1812 991 1846 contra
1017 1818 1085 1858 ea,
1114 1803 1150 1845 si
1174 1802 1279 1862 quid
1307 1802 1474 1846 adversi
1497 1801 1739 1854 accidisset,

374 1895 417 1923 se
436 1897 573 1923 unum
587 1881 678 1942 ejus
703 1880 848 1925 delicti
872 1881 1069 1925 futurum
1091 1898 1226 1925 reum.
1240 1882 1305 1926 Ab
1321 1882 1403 1926 hoe
1427 1882 1650 1926 discedens
1664 1880 1737 1926 Al-

374 1959 558 2003 cibiades
581 1977 589 2003 :
611 1961 890 2017 «Quoniam,
917 1963 1080 2022 inquit,
1107 1962 1296 2005 victoriae
1323 1962 1473 2022 patriae
1500 1977 1737 2022 repugnas,

373 2038 482 2083 illud
507 2056 682 2096 moneo,
703 2042 827 2101 juxta
848 2041 991 2085 hostes
1018 2051 1157 2085 castra
1179 2042 1336 2085 habeas
1361 2041 1544 2085 nautica.
1566 2041 1739 2085 Pericu-

373 2118 462 2163 lum
485 2129 549 2164 est
572 2121 705 2176 enim,
726 2137 780 2164 ne
802 2121 1075 2165 immodestia
1092 2120 1278 2165 militum
1299 2130 1548 2165 nostrorum
1571 2121 1738 2165 occasio

372 2198 499 2243 detur
520 2200 744 2259 Lysandro
770 2201 907 2244 nostri
928 2200 1205 2261 opprimendi
1231 2202 1454 2244 exercitus.
1471 2221 1491 2242 »
1514 2202 1666 2262 Neque
1688 2218 1737 2244 ea

371 2294 437 2322 res
461 2277 583 2330 illum
607 2278 769 2323 fefellit.
794 2281 907 2324 Nam
932 2280 1172 2342 Lysander,
1189 2297 1323 2341 quum
1347 2298 1423 2341 per
1446 2280 1736 2341 speculatores

372 2358 667 2419 comperisset,
688 2358 868 2420 vulgum
890 2360 1221 2405 Atheniensium
1245 2360 1289 2403 in
1314 2370 1473 2404 terram
1496 2360 1735 2421 praedatum

368 2437 529 2491 exisse,
562 2454 778 2499 navesque
808 2456 917 2500 pene
950 2441 1100 2484 inanes
1135 2439 1334 2495 relictas,
1366 2450 1537 2500 tempus
1569 2440 1629 2482 rei
1662 2456 1732 2501 ge-

372 2516 514 2560 rendae
536 2535 624 2562 non
651 2519 832 2576 dimisit,
861 2537 996 2582 eoque
1021 2522 1186 2583 impetu
1209 2531 1347 2565 totum
1371 2518 1532 2563 bellum
1559 2517 1728 2562 delevit.

434 2598 509 2640 lx.
528 2600 581 2642 At
603 2600 842 2645 Alcibiades
857 2637 866 2649 ,
889 2602 1013 2645 victis
1041 2600 1390 2653 Atheniensibus,
1411 2615 1497 2642 non
1519 2599 1618 2642 satis
1641 2608 1728 2641 tuta
