1859 3310
682 210 943 245 HANNIBAL.
1431 226 1443 247 1
1454 214 1501 249 23

192 295 246 337 V.
282 295 373 338 Hac
398 311 546 355 pugna
574 303 786 354 pugnata,
814 295 997 337 Romam
1026 291 1268 353 profectus,
1296 293 1416 338 nullo
1443 313 1505 339 re-

129 372 321 429 sistente,
337 374 380 417 in
399 373 655 434 propinquis
672 373 791 416 urbis
808 372 1030 415 montibus
1047 381 1242 415 moratus
1261 382 1336 416 est.
1353 374 1503 430 Quum

127 449 292 511 aliquot
310 452 367 495 ibi
382 452 470 495 dies
491 461 630 495 castra
651 451 891 508 habuisset,
915 461 957 495 et
979 461 1268 495 reverteretur
1287 453 1502 512 Capuam;

126 530 181 586 Q.
209 530 364 573 Fabius
391 531 628 587 Maximus,
653 530 840 574 dictator
868 548 1092 588 romanus,
1118 532 1162 574 in
1190 547 1295 592 agro
1321 530 1503 575 Falerno

126 624 170 652 se
195 609 233 651 ei
262 608 430 668 objecit.
457 610 559 666 Hic,
583 609 756 654 clausus
779 609 974 654 locorum
996 611 1226 671 angustiis,
1254 620 1386 654 noctu
1413 611 1504 654 sine

126 686 215 730 ullo
232 687 491 732 detrimento
511 690 722 733 exercitus
741 706 783 733 se
803 690 1032 751 expedivit.
1053 690 1207 746 Fabio,
1229 689 1502 734 callidissimo

126 766 395 827 imperatori,
429 768 560 812 verba
592 769 708 812 dedit
740 786 749 812 :
784 786 990 829 namque,
1022 769 1210 813 obducta
1241 779 1385 826 nocte,
1413 786 1502 813 sar-

125 856 271 890 menta
291 847 335 891 in
356 849 561 892 cornibus
574 849 863 908 juvencorum
885 848 1070 909 deligata
1092 848 1301 905 incendit,
1325 849 1503 909 ejusque

125 927 293 986 generis
320 926 644 972 multitudinem
673 945 872 989 magnam
903 927 1157 989 dispalatam
1188 928 1381 984 immisit3
1413 944 1502 987 quo

125 1007 353 1067 repentino
378 1007 550 1067 objectu
570 1008 681 1064 viso,
705 1017 875 1051 tantum
897 1017 1107 1050 terrorem
1130 1006 1276 1066 injecit
1295 1007 1502 1050 exercitui

124 1086 442 1143 Romanorum,
462 1096 510 1129 ut
527 1086 671 1147 egredi
689 1097 809 1130 extra
821 1085 983 1130 vallum
1000 1103 1128 1130 nemo
1146 1086 1200 1129 sit
1217 1102 1360 1129 ausus.
1378 1088 1502 1130 Hanc

124 1174 223 1224 post
239 1181 329 1208 rem
347 1175 509 1226 gestam
527 1182 615 1209 non
634 1166 693 1209 ita
709 1165 857 1209 multis
877 1165 1046 1222 diebus,
1065 1167 1127 1209 M.
1147 1166 1393 1210 Minucium
1410 1167 1501 1209 Ru-

123 1242 238 1300 fum,
266 1245 522 1305 magistrum
553 1246 774 1306 equitum,
810 1245 904 1307 pari
938 1262 987 1289 ac
1016 1245 1271 1289 dictatorem
1299 1245 1500 1306 imperio,

125 1321 225 1367 dolo
254 1324 518 1385 productum
546 1326 589 1369 in
619 1324 841 1387 proelium,
871 1325 1049 1386 fugavit.
1072 1326 1166 1369 Tib.
1194 1326 1500 1386 Sempronium

124 1404 398 1461 Gracchum,
424 1405 581 1449 iterum
604 1404 847 1462 consulein,
873 1406 917 1448 in
942 1405 1130 1449 Lucanis
1152 1404 1305 1448 absens
1327 1406 1371 1448 in
1399 1405 1501 1448 insi-

125 1481 215 1526 dias
242 1483 470 1528 inductum
498 1484 685 1529 sustulit.
711 1487 774 1530 M.
802 1484 1035 1530 Claudium
1066 1484 1344 1542 Marcellum,
1374 1486 1502 1545 quin-

125 1563 246 1622 quies
279 1563 526 1622 consulem,
559 1566 677 1627 apud
708 1566 946 1610 Venusiam
979 1566 1073 1627 pari
1103 1565 1234 1609 modo
1272 1565 1498 1609 interfecit.

124 1644 324 1704 Longum
355 1654 419 1689 est
448 1661 702 1689 enumerare
731 1643 899 1706 proelia.
932 1646 1081 1703 Quare
1113 1645 1196 1688 hoc
1231 1662 1368 1688 unum
1400 1644 1501 1688 satis

120 1722 203 1766 erit
229 1723 414 1781 dictum,
444 1741 496 1769 ex
523 1742 611 1786 quo
641 1724 823 1786 intelligi
851 1725 1009 1786 possit,
1037 1734 1228 1785 quantus
1257 1723 1327 1768 ille
1356 1723 1501 1767 fuerit.

121 1803 330 1860 Quandiu
352 1805 396 1848 in
419 1803 544 1849 Italia
560 1804 663 1863 fuit,
685 1822 813 1849 nemo
836 1806 875 1849 ei
898 1805 942 1848 in
963 1805 1053 1849 acie
1076 1806 1253 1862 restitit,
1274 1821 1401 1848 nemo
1426 1803 1502 1847 ad-

120 1898 270 1928 versus
305 1900 404 1928 eum
434 1894 533 1946 post
565 1887 838 1930 Cannensem
873 1901 1066 1946 pugnam
1099 1886 1144 1929 in
1177 1901 1331 1946 campo
1362 1893 1502 1929 castra

121 1964 279 2024 posuit.

181 2044 259 2088 VI.
295 2045 378 2089 Hic
400 2045 588 2089 invictus
610 2046 795 2107 patriam
817 2045 1041 2089 defensum
1066 2054 1313 2102 revocatus,
1339 2043 1500 2088 bellum

120 2124 250 2183 gessit
271 2124 476 2169 adversus
493 2127 539 2170 P.
566 2127 834 2187 Scipionem,
857 2124 996 2169 filium
1019 2125 1136 2186 ejus,
1153 2142 1283 2186 quem
1302 2125 1394 2186 ipse
1414 2124 1502 2186 pri-

119 2219 240 2246 mum
259 2204 377 2265 apud
394 2205 679 2263 Rhodanum,
703 2207 861 2249 iterum
883 2205 1000 2267 apud
1022 2206 1210 2262 Padum,
1235 2205 1363 2249 tertio
1384 2203 1502 2266 apud

119 2283 321 2326 Trebiam
351 2283 589 2345 fugaverat.
623 2287 737 2330 Cum
763 2285 865 2341 hoc,
890 2285 1110 2329 exhaustis
1137 2285 1226 2344 jam
1256 2285 1407 2345 patriae
1439 2283 1505 2327 fa-

120 2361 377 2421 cultatibus,
407 2366 573 2426 cupivit
600 2366 644 2408 in
673 2365 1002 2426 praesentiarum
1029 2363 1190 2408 bellum
1219 2379 1500 2424 componere,

119 2460 208 2503 quo
237 2444 448 2489 valentior
471 2456 623 2507 postea
647 2445 998 2506 congrederetur.
1025 2445 1076 2487 In
1105 2442 1372 2503 colloquium
1399 2459 1503 2486 con·-

121 2526 256 2582 venit;
280 2525 550 2570 conditiones
570 2544 659 2571 non
683 2535 995 2570 convenerunt.
1018 2527 1121 2568 Post
1146 2523 1189 2567 id
1212 2522 1374 2567 factum
1394 2539 1502 2583 pau·-

121 2605 179 2648 ‹·is
211 2605 362 2650 diebus
395 2607 510 2667 apud
542 2611 714 2651 Zamam
743 2625 842 2650 cum
872 2606 1024 2650 eodem
1053 2604 1246 2649 conflixit
1275 2622 1283 2647 :
1324 2602 1501 2665 pulsus,
