1859 3310
676 267 942 302 TIMOLEON.
1428 283 1440 305 1
1454 284 1465 305 1
1479 285 1492 307 1

131 354 289 397 minem
309 352 557 397 bellicosum
581 358 623 393 et
641 358 882 410 potentem,
902 349 976 408 qui
1001 358 1207 408 tyrannos
1231 349 1426 410 adjutum
1453 354 1496 396 111

131 431 319 476 Siciliam
344 438 532 475 venerat.

193 513 270 555 ΙΙΙ.
297 510 468 567 Quibus
487 507 616 550 rebus
635 505 860 564 confectis,
880 523 1014 567 quum
1040 517 1218 569 propter
1238 508 1498 554 diuturnita-

129 599 215 633 tem
243 587 342 632 belli
369 603 458 632 non
484 584 623 630 solum
650 586 867 646 regiones,
897 586 969 630 sed
1000 587 1128 630 etiam
1156 587 1283 632 urbes
1309 588 1497 634 desertas

128 668 311 723 videret,
325 665 604 726 conquisivit,
624 681 732 725 quos
749 665 911 726 potuit,
933 666 1121 726 primum
1136 666 1321 724 Siculos;
1343 668 1498 714 deinde

127 746 340 791 Corintho
364 745 583 789 arcessivit
601 743 798 800 colonos,
822 744 939 804 quod
957 745 1011 788 ab
1035 745 1101 789 his
1130 746 1252 789 initio
1277 748 1497 806 Syracusae

125 835 247 869 erant
265 824 460 869 conditae.
484 823 661 869 Civibus
681 823 896 867 veteribus
917 839 994 867 sua
1012 825 1220 882 restituit,
1244 827 1366 870 novis
1382 826 1496 871 bello

125 904 392 949 vacuefactas
416 904 703 965 possessiones
723 902 888 958 divisit,
921 903 1095 946 urbium
1119 904 1277 948 moenia
1300 905 1495 965 disjecta,

125 984 309 1044 fanaque
344 983 510 1026 deserta
546 982 710 1037 refecit,
747 982 992 1025 civitatibus
1023 980 1136 1043 leges
1171 981 1496 1045 libertatemque

124 1063 310 1107 reddidit
346 1080 354 1105 :
391 1079 441 1105 ex
474 1062 661 1104 maximo
690 1059 803 1104 bello
835 1070 1003 1104 tantum
1040 1062 1177 1105 otium
1211 1071 1311 1105 totae
1346 1063 1495 1108 insulae

123 1140 391 1197 conciliavit,
416 1150 466 1183 ut
489 1140 560 1183 hic
584 1139 784 1183 conditor
809 1139 980 1183 urbium
1007 1157 1178 1198 earum,
1200 1158 1287 1185 non
1313 1141 1396 1199 illi,
1421 1145 1495 1203 qui

122 1221 245 1264 initio
283 1219 573 1274 deduxerant,
609 1218 841 1262 videretur.
881 1221 1034 1263 Arcem
1075 1221 1321 1281 Syracusis,
1364 1238 1494 1282 quam

121 1300 337 1343 munierat
374 1299 611 1360 Dionysius
651 1298 705 1342 ad
745 1298 896 1342 urbem
933 1299 1238 1356 obsidendam,
1278 1317 1302 1344 a
1341 1301 1494 1345 funda-

119 1379 275 1422 mentis
311 1378 497 1438 disjecit3
535 1387 676 1422 cetera
712 1378 952 1438 tyrannidis
986 1378 1315 1439 propugnacula
1349 1380 1494 1424 demo-

120 1457 222 1502 litus
250 1468 332 1514 est;
364 1458 566 1518 deditque
591 1475 787 1520 operam,
814 1468 863 1502 ut
888 1475 1016 1518 quam
1040 1459 1216 1503 minime
1244 1459 1382 1503 multa
1407 1477 1494 1504 ves-

119 1538 224 1599 tigia
254 1538 470 1581 servitutis
499 1548 735 1581 manerent.
768 1539 918 1595 Quum
944 1539 1074 1582 tantis
1099 1548 1209 1582 esset
1238 1540 1415 1600 opibus,
1444 1549 1494 1583 ut

117 1617 246 1660 etiam
284 1616 428 1660 invitis
471 1617 682 1677 imperare
720 1627 885 1678 posset3
924 1626 1095 1661 tantum
1133 1627 1276 1661 autem
1316 1619 1494 1663 haberet

116 1711 307 1739 amorem
346 1696 541 1740 omnium
579 1695 850 1753 Siculorum,
893 1707 941 1740 ut
978 1696 1100 1741 nullo
1137 1708 1363 1742 recusante
1400 1716 1494 1760 reg-

117 1789 223 1817 num
256 1774 491 1831 obtineret3
526 1773 679 1818 maluit
716 1792 760 1819 se
791 1775 930 1837 diligi,
965 1793 1095 1836 quam
1129 1778 1276 1821 metui.
1315 1781 1492 1839 Itaque,

115 1870 251 1913 quum
282 1854 471 1915 primum
502 1855 669 1916 potuit,
700 1855 929 1916 imperium
964 1856 1186 1917 deposuit,
1221 1867 1262 1900 et
1297 1859 1492 1918 privatus

116 1933 358 1992 Syracusis,
391 1933 509 1994 quod
542 1934 757 1995 reliquum
789 1935 886 1978 vitae
916 1935 1018 1991 fuit,
1052 1936 1170 1979 vixit.
1205 1938 1355 1996 Neque
1390 1954 1492 1981 vero

115 2010 159 2054 id
192 2012 389 2072 imperite
419 2012 519 2056 fecit
550 2030 560 2057 :
590 2030 711 2069 nam,
745 2014 863 2073 quod
894 2016 1023 2058 ceteri
1057 2031 1177 2075 reges
1210 2016 1391 2076 imperio
1418 2033 1492 2078 po-

115 2099 315 2147 tuerunt,
340 2092 409 2135 hic
433 2091 733 2136 benevolentia
759 2094 910 2137 tenuit.
938 2093 1096 2138 Nullus
1127 2094 1266 2138 honos
1292 2095 1394 2139 huic
1420 2095 1491 2140 de·

113 2167 194 2213 fuit
220 2186 230 2213 ε
256 2187 395 2231 neque
419 2181 568 2232 postea
598 2188 665 2216 res
694 2171 784 2216 ulla
809 2174 1031 2233 Syracusis
1062 2184 1181 2235 gesta
1208 2184 1271 2218 est
1296 2174 1489 2236 publice,

114 2247 166 2292 de
191 2265 278 2308 qua
302 2251 422 2310 prius
451 2251 505 2293 sit
536 2250 777 2308 decretum,
810 2269 939 2312 quam
968 2252 1248 2297 Timoleontis
1278 2255 1490 2298 sententia

114 2329 299 2387 cognita.
338 2327 512 2373 Nullius
552 2346 744 2389 unquam
778 2330 1006 2374 consilium
1041 2350 1129 2376 non
1161 2333 1292 2376 modo
1329 2332 1491 2377 antela-

113 2416 226 2463 tum,
258 2407 331 2450 sed
361 2424 415 2451 ne
449 2418 748 2469 comparatum
785 2408 958 2468 quidem
992 2421 1077 2467 est;
1112 2428 1250 2472 neque
1280 2412 1323 2455 id
1354 2413 1489 2473 magis

112 2484 410 2530 benevolentia
439 2487 601 2531 factum
632 2498 717 2545 est,
749 2504 879 2549 quarn
910 2489 1153 2550 prudentia.

178 2567 253 2609 IV.
289 2566 370 2609 Hic
405 2583 540 2626 quum
571 2577 694 2610 aetate
720 2568 808 2627 jam
841 2579 1073 2630 provectus
1107 2580 1239 2628 esset,
1273 2571 1364 2615 sine
1399 2569 1489 2614 ullo

113 2645 266 2688 morbo
297 2644 462 2689 lumina
492 2645 720 2690 oculorum
753 2649 915 2706 amisit3
948 2667 1076 2710 quam
1112 2650 1396 2696 calamitatem
1430 2652 1485 2694 ita
