1859 3310
694 431 1361 500 CHRONOLOGIA

421 643 793 698 HISTORIAE
832 643 893 696 T.
939 643 1320 696 POMPONII
1365 640 1636 696 ATTICI.

345 1060 480 1127 Auso
499 1091 611 1128 Urbis
631 1090 724 1134 6!‚[,;
745 1089 908 1125 triennio
933 1096 1018 1124 ante
1038 1091 1090 1124 M.
1114 1090 1279 1125 Tullium
1297 1090 1530 1135 Ciceronem,
1555 1092 1598 1137 Q.
1618 1091 1712 1126 Coec.

341 1155 494 1189 Metello
508 1153 704 1188 Numidico
723 1160 758 1187 et
775 1152 830 1186 Μ.
845 1151 956 1186 sunio
985 1152 1091 1197 Sylla
1113 1152 1211 1187 Coss.
1232 1151 1304 1187 Tit.
1322 1153 1552 1199 Pomponius
1575 1153 1715 1188 Atticus

340 1215 513 1251 nascitur.
536 1227 614 1261 cap.
644 1227 670 1248 1.

391 1279 500 1311 Anno
531 1275 646 1310 Urbis
679 1273 771 1318 6663
801 1273 992 1309 Ciceronis
1019 1285 1085 1317 203
1129 1274 1192 1308 Cn.
1228 1274 1378 1308 Octavio
1410 1281 1445 1309 et
1474 1276 1515 1309 L.
1550 1274 1717 1310 Cornelio

345 1336 464 1371 Cinna
489 1336 587 1371 Coss.
612 1336 773 1370 Athenas
797 1347 834 1369 se
855 1334 1013 1369 contulit
1031 1334 1188 1377 Atticus,
1206 1347 1346 1369 annum
1364 1346 1476 1381 agens
1496 1336 1716 1383 vigesimum

342 1397 519 1433 tertium:
547 1396 698 1444 quando
726 1408 824 1430 anno
850 1395 1024 1443 proximo
1054 1395 1285 1442 praecedente
1315 1397 1351 1430 P.
1386 1396 1570 1444 Sulpicius
1598 1397 1716 1433 Rufus

342 1460 444 1495 Trib.
469 1460 519 1507 pl.
547 1471 568 1494 a
589 1459 688 1506 Sylla
712 1457 924 1493 interfectus
949 1464 1012 1492 est.
1037 1469 1115 1503 cap.
1137 1469 1183 1491 11.

395 1525 504 1556 Anno
534 1521 647 1556 Urbis
675 1520 770 1566 674;
797 1520 870 1554 Cic.
899 1519 963 1564 28;
989 1520 1032 1554 P.
1064 1520 1214 1554 Servilio
1243 1519 1357 1553 Vatia
1388 1527 1423 1555 et
1453 1524 1526 1568 Ap.
1563 1522 1716 1558 Claudio

342 1584 502 1619 Pulchro
525 1583 622 1618 Coss.
642 1582 798 1618 Athenis
818 1581 947 1617 Cicero
971 1581 1193 1629 Epicureos,
1218 1581 1434 1626 Phaedrum,
1453 1590 1488 1617 et
1511 1585 1715 1630 Zenonem,

341 1645 554 1692 frequenter
571 1657 654 1679 cum
675 1643 802 1678 Attico
822 1642 980 1687 audivit,
999 1649 1039 1677 ut
1058 1643 1137 1690 ipse
1155 1642 1206 1678 ait
1227 1643 1291 1677 lib.
1316 1655 1349 1677 11
1369 1645 1415 1678 de
1432 1644 1551 1679 Finib.
1567 1653 1601 1680 et
1627 1647 1715 1681 Tus—

340 1709 411 1741 cul.
436 1719 485 1741 111
500 1733 511 1749 ,
535 1713 571 1741 et
592 1707 710 1741 Acad.
733 1718 760 1740 1.

393 1772 502 1803 Anno
536 1767 649 1802 Urbis
683 1766 784 1811 688;
821 1766 1011 1801 Ciceronis
1046 1779 1135 1802 vero
1171 1771 1242 1811 423
1276 1767 1316 1800 L.
1352 1768 1502 1802 Aurelio
1540 1767 1644 1802 Cotta
1681 1776 1716 1804 et

340 1831 394 1864 M.
424 1829 569 1864 Manlio
603 1829 785 1876 Torquato
814 1827 912 1862 Coss.
934 1827 1048 1862 aetatis
1074 1840 1172 1863 anno
1198 1827 1263 1872 45,
1289 1840 1404 1875 quum
1425 1829 1502 1874 jam
1530 1841 1646 1865 annos
1668 1843 1713 1866 22

340 1890 493 1926 Athenis
517 1897 766 1925 commoratus
792 1896 884 1932 erat,
904 1890 1062 1924 Romam
1080 1888 1307 1936 remigravit.
1328 1902 1406 1937 cap.
1431 1902 1483 1924 1v.

393 1956 504 1987 Anno
528 1952 641 1986 Urbis
667 1951 760 1999 6923
781 1951 972 1986 Ciceronis
1003 1950 1071 1995 463
1095 1950 1210 1998 ipsius
1236 1951 1349 1985 Attici
1378 1956 1442 1999 49;
1465 1964 1580 1998 quum
1604 1953 1715 1999 legati

340 2015 465 2048 locum
487 2014 658 2048 obtinere
682 2020 806 2060 posset
827 2013 926 2060 apud
950 2014 995 2057 Q.
1019 2013 1237 2048 Ciceronem
1261 2012 1354 2047 Asiae
1376 2019 1589 2060 praetorem,
1608 2015 1716 2049 nole-

341 2076 414 2110 bat.
443 2077 528 2119 Quo
551 2087 649 2109 anno
673 2076 800 2109 Romae
825 2074 924 2109 Coss.
951 2081 1054 2109 erant
1078 2074 1133 2109 M.
1159 2075 1298 2122 Pupius
1323 2076 1433 2118 Piso,
1460 2082 1495 2110 et
1520 2076 1573 2110 M.
1603 2076 1714 2111 Vale-

341 2138 414 2171 rius
435 2137 618 2171 Messala.
644 2147 721 2183 cap.
746 2148 797 2170 VI.

391 2200 500 2233 Anno
540 2197 652 2232 Urbis
694 2197 767 2245 697
787 2210 796 2241 ;
840 2197 1027 2232 Ciceronis
1069 2196 1113 2232 51
1137 2211 1146 2241 ;
1185 2197 1246 2232 Cn.
1289 2198 1454 2234 Cornelio
1487 2201 1640 2235 Lentulo
1680 2206 1716 2235 et

340 2261 380 2293 L.
405 2260 554 2293 Marcio
573 2258 754 2306 Philippo
770 2258 887 2302 Coss„
913 2259 1035 2306 pridie
1055 2258 1141 2294 Idus
1155 2259 1246 2294 febr.
1267 2260 1307 2294 T.
1329 2261 1558 2308 Pomponius
1570 2260 1714 2296 Atticus

339 2320 470 2355 Piliam
492 2332 648 2355 uxorem
673 2320 796 2365 duxit,
823 2333 961 2356 annum
987 2332 1098 2368 agens
1129 2322 1242 2363 aetatis
1269 2320 1331 2365 54;
1354 2323 1393 2356 in
1419 2323 1551 2370 quibus
1575 2322 1713 2370 nuptiis

340 2382 470 2417 Cicero
495 2382 665 2417 coenavit.
687 2383 758 2429 Ep.
782 2394 859 2427 111,
878 2382 942 2418 lib.
964 2395 1012 2426 11,
1034 2383 1088 2417 ad
1098 2369 1271 2429 frairem.

393 2446 502 2478 Anno
527 2443 640 2479 Urbis
670 2444 763 2487 7o3;
795 2442 982 2479 Ciceronis
1010 2443 1084 2489 573
1119 2445 1229 2480 Attici
1258 2445 1326 2490 503
1349 2447 1388 2480 L.
1419 2446 1567 2479 AEmilz'o
1593 2446 1713 2479 Paulo

341 2512 376 2539 et
401 2505 556 2540 Claudio
579 2506 760 2540 Marcello
783 2506 882 2541 Coss.
906 2505 1153 2542 Caesarianum
1172 2507 1311 2542 bellum
1337 2507 1469 2541 incidit
1493 2520 1500 2540 :
1528 2506 1629 2554 quod
1655 2518 1712 2542 se—

342 2567 469 2612 quenti
497 2579 595 2601 anno
620 2579 770 2613 prorsus
796 2567 835 2601 in
860 2566 1045 2603 flammam
1071 2568 1173 2603 abiit.
1205 2580 1282 2615 cap.
1312 2581 1383 2602 vu.

395 2630 502 2662 Anno
523 2627 634 2662 Urbis
656 2640 748 2676 7093
767 2628 955 2664 Ciceronis
975 2629 1041 2673 63;
1065 2629 1172 2664 Attici
1193 2629 1262 2673 66;
1288 2629 1324 2664 C.
1348 2630 1419 2664 lul.
1449 2631 1584 2666 Goesar
1599 2642 1708 2677 quum
