1859 3310
192 352 787 439 CORNELII
850 349 1377 434 NEPOTIS

508 586 1060 643 FRAGMENTA

105 802 291 833 INCERTA
315 802 478 831 PARTIM
503 801 593 840 QUO
618 802 741 832 LIBRO
767 802 934 837 POSITA,
960 801 1119 831 PARTIM
1149 800 1300 839 QUIBUS
1327 800 1468 830 VERBIS

677 864 907 895 CONCEPTA.

108 1296 183 1339 VI.
221 1260 406 1343 NEPOS
426 1303 600 1338 auctore
625 1303 742 1337 certo
766 1294 1023 1354 comperisse
1048 1310 1091 1337 se
1116 1294 1196 1346 ait,
1221 1294 1268 1336 C.
1294 1289 1472 1334 Laelium

109 1374 330 1434 quondam
360 1375 403 1417 in
433 1373 673 1418 Puteolano
703 1373 870 1417 kalend.
905 1374 1092 1429 martiis,
1125 1372 1393 1416 admonitum
1423 1369 1475 1412 ab

111 1471 266 1508 uxore,
293 1455 527 1515 temperius
551 1464 598 1497 ut
627 1454 934 1510 discumberet,
961 1455 1131 1515 petiisse
1157 1453 1210 1496 ab
1237 1469 1308 1507 ea,
1334 1468 1387 1494 ne
1415 1451 1479 1493 in-

111 1533 429 1595 terpellaretur3
447 1535 581 1578 serius
598 1533 771 1578 tandem
792 1535 1031 1594 ingressum
1050 1532 1285 1576 triclinium
1309 1532 1478 1586 dixisse,

112 1629 199 1656 non
224 1629 334 1674 saepe
355 1613 398 1656 in
422 1613 650 1657 scribendo
675 1615 811 1674 magis
836 1614 1086 1657 successisse
1110 1613 1212 1667 sibi3
1238 1611 1392 1654 deinde
1412 1626 1480 1653 ro-

112 1703 280 1755 gatum,
302 1703 350 1736 ut
373 1693 530 1754 scripta
551 1692 622 1737 illa
645 1694 876 1754 proferret,
897 1693 1200 1754 pronuntiasse
1217 1707 1387 1745 versus,
1406 1689 1480 1750 qui

113 1783 214 1816 sunt
245 1774 290 1816 in
310 1768 775 1833 Ἐοιυτοντιμωρσυμὲνῳ
797 1791 805 1817 :
833 1774 952 1819 Satis
968 1773 1052 1835 pol
1063 1781 1264 1835 proterve
1293 1787 1358 1815 me
1383 1770 1488 1831 Syri

107 1852 327 1915 promissa
350 1854 435 1898 lucc
453 1854 735 1898 induxerunt.
759 1856 985 1909 Donatus,
1008 1853 1052 1895 in
1079 1855 1126 1896 V
1124 1852 1187 1895 ita
1217 1851 1418 1895 Terentii.

174 1935 225 1977 L.
254 1933 463 1977 Otacilius
487 1934 666 1989 Pilitus,
699 1934 959 1977 rhetoricam
989 1932 1227 1993 professus,
1253 1933 1332 1975 Cn.
1358 1932 1485 1973 Pom-

114 2012 260 2073 peium
282 2014 495 2074 Magnum
517 2013 685 2070 docuit,
709 2013 842 2074 patris
863 2013 952 2072 ejus
969 2028 1036 2055 res
1058 2021 1215 2073 gestas,
1241 2027 1319 2053 nec
1343 2010 1485 2053 minus

115 2092 272 2152 ipsius,
301 2092 596 2154 compluribus
618 2092 737 2136 libris
762 2093 959 2154 exposuit
987 2109 996 2135 ε
1021 2093 1188 2153 primus
1213 2091 1407 2134 omnium
1433 2088 1485 2132 li-

116 2172 408 2229 bertinorum,
439 2182 487 2216 ut
511 2173 738 2218 Cornelius
771 2174 918 2234 Nepos
944 2174 1164 2233 opinatur,
1193 2171 1377 2214 scribere
1403 2170 1488 2212 his-

117 2253 270 2295 toriam
292 2269 439 2309 orsus,
465 2271 552 2297 non
578 2254 657 2296 nisi
678 2253 730 2296 ab
755 2253 1055 2296 honestissimo
1079 2266 1252 2311 quoque
1271 2249 1398 2293 scribi
1424 2265 1489 2291 so-

119 2332 252 2376 litam.
278 2336 451 2379 Saeton.
483 2334 537 2378 de
563 2334 677 2378 CYar.
705 2335 811 2377 rhet.
837 2350 872 2376 c.
899 2349 963 2376 111.

181 2413 410 2459 Cornelius
436 2416 581 2475 Nepos
609 2415 652 2457 in
679 2412 847 2470 libello,
874 2430 960 2473 quo
994 2411 1218 2472 distinguit
1251 2409 1489 2452 litteratum

120 2494 172 2537 ab
206 2494 398 2551 erudito,
431 2494 642 2539 litteratos
677 2493 807 2556 vulgo
845 2492 1018 2553 quidem
1056 2490 1263 2552 appellari
1304 2490 1361 2532 ait
1392 2504 1489 2541 eos,

121 2575 195 2633 qui
227 2573 388 2634 aliquid
422 2574 649 2636 diligenter
685 2584 726 2617 et
755 2584 880 2617 acute
917 2574 1182 2630 scienterque
1214 2569 1380 2630 possint
1417 2576 1489 2611 aut
