1859 3310
631 249 1054 285 OBSERVATIONES.
1459 268 1471 289 1
1480 268 1528 302 99

462 383 538 425 IV.
581 380 916 425 Observationes
942 382 1225 441 cetztzkluarice.

210 510 444 558 Singularem
463 516 495 543 et
522 508 778 544 admirandam
801 509 855 544 rei
873 508 1089 556 antiquariae
1112 521 1263 557 operam
1289 510 1455 557 praestitit
1479 512 1533 546 vir

159 571 319 618 optimus
342 570 543 617 Philippus
566 571 710 605 Daniel
728 571 899 618 Lippert,
925 571 1112 617 professor
1130 571 1359 607 Dresdensis.
1381 573 1415 607 Is
1435 572 1533 607 enim

156 632 309 679 picturae
323 638 359 666 et
371 630 595 679 reliquarum
607 658 617 675 ‚
633 644 714 678 quae
733 645 816 667 cum
829 644 871 667 ea
890 632 1094 678 conjunctae
1113 640 1197 667 sunt
1209 660 1218 677 ‚
1231 633 1364 668 artium
1378 633 1425 668 ab
1443 633 1535 668 ado—

157 692 332 727 lescentia
355 693 493 736 cultor,
518 700 622 728 tanto
650 693 821 728 incensus
849 701 903 728 est
927 694 1085 740 antiquae
1113 694 1303 741 elegantiae
1325 694 1470 738 studio,
1497 701 1535 729 ut

156 766 271 789 senex
294 754 466 789 didicerit
488 754 627 790 litteras
649 766 803 802 graecaS,
825 761 861 790 et
885 766 1112 802 gemmarum
1139 754 1278 803 effigies
1302 768 1438 803 magno
1463 768 1534 790 nu-

155 827 261 851 mero
280 815 458 860 delectas,
477 816 618 863 optime
637 816 844 860 ordinatas,
863 823 899 852 et
916 817 1094 864 singulari
1110 816 1328 852 dexteritate
1341 843 1350 861 ,
1368 829 1433 852 sua
1451 829 1535 852 suo-

156 889 315 924 rumque
348 890 460 913 manu
488 889 697 925 expressas,
725 890 803 913 non
836 879 957 913 solum
985 877 1258 913 communicare
1285 890 1370 913 cum
1402 879 1533 913 artium

157 938 353 982 studiosis,
372 938 437 974 sed
461 939 571 975 etiam
595 939 777 975 concinne
799 946 834 975 et
853 939 997 974 erudite
1016 939 1200 986 explicare
1220 939 1394 986 potuerit.
1417 941 1535 974 Nemo

157 1005 212 1034 est
244 999 307 1046 qui
340 1000 476 1044 nescit,
505 1007 642 1047 quanta
672 1001 719 1035 sit
741 1012 969 1048 gemmarum
994 1000 1224 1047 praestantia,
1246 1011 1344 1046 quae,
1370 1007 1535 1035 veterum

157 1067 235 1095 arte
267 1062 419 1109 caelatae,
445 1061 484 1095 in
518 1062 728 1108 principum
753 1062 984 1108 aliorumque
1007 1073 1237 1096 summorum
1256 1060 1423 1095 virorum
1449 1074 1535 1095 mu--

157 1121 227 1156 seis
246 1129 491 1157 asservantur.
513 1123 637 1158 Habet
661 1122 771 1158 etiam
797 1122 1134 1158 Excellentissimus
1156 1135 1279 1158 comes
1305 1123 1351 1158 de
1377 1123 1512 1157 Tnow
1527 1150 1537 1166 ‚

157 1181 224 1229 qui
259 1189 315 1217 tot
342 1189 537 1230 tantasque
562 1196 621 1219 res
648 1196 709 1218 sua
739 1184 909 1219 doctrina
940 1191 976 1219 et
1007 1196 1074 1228 eo,
1104 1196 1177 1231 quo
1210 1183 1366 1231 flagrat,
1404 1183 1534 1218 artium

157 1255 285 1279 amore
312 1244 590 1291 complectitur,
610 1256 773 1292 gemmas
800 1245 968 1292 antiquas
999 1245 1098 1280 haud
1126 1257 1279 1292 paucas,
1304 1257 1393 1292 quas
1418 1244 1537 1279 adhuc

157 1316 226 1340 nec
252 1305 315 1340 aeri
341 1305 491 1351 incisas,
515 1318 584 1342 nec
615 1306 686 1342 alia
721 1307 781 1341 via
811 1306 1097 1342 communicatas
1129 1319 1210 1342 cum
1236 1306 1387 1341 eruditis
1412 1306 1535 1340 credo.

157 1366 284 1413 Opera
308 1367 371 1402 illa
390 1368 706 1414 splendidissima,
734 1368 868 1415 quibus
891 1380 1043 1415 gemmae
1067 1368 1127 1402 aeri
1149 1368 1273 1403 incisae
1297 1368 1537 1412 exhibentur,

159 1439 333 1474 superare
356 1428 449 1464 mihi
471 1428 619 1464 videtur
640 1430 929 1476 Dactyliotheca
954 1431 1213 1478 szpem'cma,
1237 1442 1317 1476 quae
1341 1429 1417 1476 jam
1443 1442 1537 1476 qua-

158 1495 244 1524 tuor
262 1490 431 1525 maximae
452 1491 579 1526 formae
598 1492 787 1526 volumina
812 1492 943 1533 refer&
956 1491 1042 1538 Ejus
1064 1491 1161 1526 enim
1188 1489 1328 1538 effigies
1351 1490 1538 1534 eumdem,

159 1562 269 1596 quern
293 1551 364 1598 ipsi
383 1553 592 1600 archetypi,
611 1560 785 1600 praestant
810 1566 913 1588 usum
938 1553 977 1587 in
1003 1552 1233 1601 mythologia
1260 1560 1295 1588 et
1320 1552 1474 1587 historia
1491 1551 1538 1586 il·

158 1610 350 1648 lustranda
361 1626 371 1657 ;
390 1613 465 1648 imo
478 1641 488 1658 ,
507 1626 620 1660 quum
639 1622 796 1662 quatuor
813 1614 970 1649 millium
989 1627 1184 1664 numerum
1203 1621 1377 1661 superent
1396 1621 1432 1649 et
1450 1613 1537 1648 scite

158 1671 346 1720 dispositae
365 1674 456 1719 sint,
477 1675 679 1721 majorem,
704 1689 813 1723 quam
832 1676 880 1712 ab
902 1677 978 1711 ullo
1001 1676 1039 1710 in
1061 1677 1208 1723 Europa
1234 1688 1362 1711 museo
1385 1687 1538 1722 exspec-

158 1733 230 1769 tari
260 1742 396 1782 potest.
425 1737 546 1783 Opto,
572 1744 612 1772 ut
640 1737 680 1772 in
706 1738 840 1773 scholis
878 1737 1096 1772 cultioribus
1113 1738 1294 1773 habeatur
1312 1744 1347 1772 et
1366 1744 1539 1772 tractetur

158 1794 237 1831 haec
267 1797 563 1845 Dactyliotheca;
596 1799 757 1846 pretium
789 1800 956 1846 quamvis
983 1811 1176 1846 magnum,
1206 1798 1308 1846 quod
1335 1798 1369 1833 ei
1387 1810 1539 1845 compa-

160 1858 285 1893 randae
312 1858 564 1906 impendetur,
593 1860 750 1895 utilitate
769 1860 875 1896 facile
898 1860 1164 1907 compensabit.

215 1919 243 1954 I.
270 1921 444 1965 Notabo,
472 1934 550 1968 quae
573 1934 618 1957 ex
642 1922 811 1969 Lipperti
833 1934 944 1969 opere
968 1921 1015 1957 ad
1043 1921 1206 1956 Cornelii
1225 1921 1466 1969 imperatores
1490 1920 1538 1955 il—

161 1979 372 2016 lustrandos
405 1982 603 2029 pertinent.
639 1983 830 2018 Miltiades
857 1990 912 2018 ter
935 1982 1117 2027 occurrit,
1141 1982 1298 2017 Chiliad.
1319 1996 1374 2027 11,
1401 1995 1438 2017 n.
1465 1982 1538 2017 321¹}

162 2048 198 2075 et
223 2041 314 2087 327,
342 2044 470 2091 Suppl.
498 2057 551 2087 11,
578 2058 614 2079 n.
644 2049 734 2088 1243
759 2044 1021 2079 Themistocles
1040 2044 1118 2088 his,
1138 2044 1233 2079 Chil.
1259 2057 1312 2089 11,
1340 2057 1377 2078 n.
1409 2043 1482 2079 330
1506 2051 1540 2077 et

165 2102 232 2138 331
247 2117 257 2147 ;
271 2105 472 2149 Aristides,
493 2106 586 2142 Chil.
600 2119 631 2141 11
646 2119 702 2150 ,n‚
718 2105 790 2141 328
805 2114 840 2142 et
855 2105 947 2153 3293
964 2106 1177 2141 Alcibiades
1188 2132 1199 2148 ‚
1223 2104 1317 2141 Chil.
1340 2117 1375 2139 11
1388 2132 1398 2150 ‚
1416 2117 1452 2139 n.
1467 2105 1539 2140 33¹3

163 2168 200 2199 et
229 2165 358 2212 Suppl.
389 2179 446 2210 11,
476 2181 511 2202 n.
544 2166 614 2203 125
641 2174 677 2202 et
709 2167 801 2211 1263
830 2168 1140 2215 Epaminondas,
1173 2166 1266 2202 Chil.
1293 2179 1350 2211 11,
1381 2178 1418 2201 n.
1445 2164 1540 2208 335;

165 2224 350 2269 Phocion,
373 2227 466 2262 Chil.
489 2241 540 2272 11,
563 2241 600 2263 n.
622 2229 707 2271 334.
728 2229 924 2264 Neminem
949 2229 1145 2276 poenitebit
1164 2228 1296 2275 legisse
1310 2254 1320 2271 ‚
1343 2240 1423 2274 quae
1448 2228 1539 2274 Lip-

168 2294 290 2334 pertus
315 2288 461 2335 scripsit
486 2289 533 2324 ad
557 2289 622 2324 has
644 2289 823 2337 imagines
852 2290 1090 2337 explicandas
1114 2289 1153 2324 in
1176 2287 1429 2323 voluminibus
1450 2288 1540 2336 Lip-

167 2347 245 2393 siae,
269 2350 374 2385 annis
402 2350 496 2395 1767
524 2358 560 2386 et
589 2351 703 2397 1776,
721 2351 928 2399 publicatis.
1547 2391 1551 2400 Ι

218 2411 268 2446 11.
295 2412 340 2446 In
366 2412 560 2456 Cornelio,
580 2412 643 2460 qui
670 2425 791 2448 mores
816 2414 1046 2456 Graecorum,
1064 2419 1106 2446 ut
1124 2411 1301 2447 Romanis
1323 2413 1540 2459 plerumque

167 2479 298 2517 notos,
325 2473 446 2521 attigit
469 2474 592 2521 potius
615 2486 726 2521 quam
754 2474 970 2521 explicavit,
994 2474 1183 2520 complura
1208 2473 1373 2509 inveniet
1399 2473 1537 2509 intelli-

167 2547 256 2581 gens
276 2535 407 2580 lector,
431 2526 510 2583 quae
534 2536 703 2572 altiorem
726 2535 954 2582 antiquitatis
978 2535 1231 2583 cognitionem
1256 2535 1539 2582 requirunt.Vel

169 2597 247 2631 sola
267 2596 451 2646 proefatio
483 2597 674 2633 materiam
703 2597 938 2645 suppeditare
965 2603 1087 2644 posset
1114 2596 1241 2632 libello
1272 2597 1319 2631 dc
1344 2596 1402 2630 his
1432 2595 1541 2630 rebus

170 2657 268 2693 haud
301 2658 423 2693 inutili
459 2666 522 2695 aut
560 2659 717 2707 ingrato.
748 2661 842 2694 Tum
870 2659 1017 2694 demum
1049 2657 1198 2693 florebit
1222 2658 1435 2705 philologiae
1462 2664 1539 2692 stu*
