1859 3310
335 202 406 224 ’.για
935 191 1098 225 NOTAE

336 274 460 315 vinus,
481 280 515 308 et
535 263 631 317 ἦθος,
652 273 878 308 domicilium
892 301 901 316 ‚
924 274 974 309 τὰ
988 271 1094 317 ἤθεσι,
1113 280 1293 308 consuetae
1312 272 1437 315 sedes,
1456 272 1702 318 compositum

335 342 398 370 est.
417 335 509 370 Inde
528 335 914 381 Boeoti‚Thebanique
936 335 1107 382 pingues,
1132 343 1168 369 ut
1188 336 1256 369 bos
1277 334 1351 368 dux
1371 333 1517 375 Cadmi,
1536 340 1576 367 ut
1590 334 1704 367 Bacis

335 396 392 430 vel
407 397 536 439 Pacis,
558 397 626 430 bos
645 408 746 430 sacer
757 396 975 430 Hermunthi
985 424 994 440 ,
1009 397 1045 431 in
1059 396 1267 439 Thebaide,
1281 407 1325 430 ex
1340 393 1533 429 Macrobio
1545 420 1554 437 ,
1568 395 1682 428 cultus
1693 421 1703 438 ,

335 457 433 502 cujus
455 469 592 491 nomen
614 470 632 491 a
653 455 813 504 πάχυς,
831 456 998 503 pinguis,
1017 458 1153 501 oritur,
1172 464 1212 492 ut
1232 456 1331 504 apud
1349 468 1418 490 nos
1438 457 1472 490 le
1494 454 1706 501 boeufgrac,

336 518 586 561 habebantur3
607 517 694 552 inde
713 517 936 564 stupiditatis
954 524 989 552 et
1008 518 1118 553 crassi
1137 518 1276 565 ingenii
1295 517 1446 553 nomine
1466 517 1560 551 male
1580 515 1707 550 audie-

335 586 427 613 rant.
443 579 538 613 Hinc
556 585 608 613 est
627 579 718 614 illud
737 579 881 613 Horatii
895 578 958 613 lib.
977 591 1009 612 11
1031 579 1143 625 Epist.
1159 593 1167 612 z

636 657 776 686 Boeotuni
793 655 824 686 in
838 666 937 686 crasso
947 656 1066 697 jurares
1077 665 1148 686 aere
1161 662 1276 687 natum.

739 765 786 793 IN
820 765 1102 794 TIIRASYBULI
1141 766 1298 794 VITAM.

387 863 469 898 Cn.
485 862 513 896 1.
535 862 719 896 Plurimos
738 861 840 895 cives.
864 860 968 895 Mille
988 861 1210 908 quingentos
1231 861 1404 909 amplius,
1426 869 1462 896 et
1479 861 1630 909 quidem
1648 861 1707 897 in-

336 924 433 959 dicta
461 935 585 965 causa,
613 930 703 957 teste
725 922 897 957 AEschine
921 929 1048 958 contra
1070 923 1360 970 Ctesiphontem.

388 984 469 1019 CAP.
490 985 539 1019 11.
567 985 675 1031 Opes.
696 984 825 1018 Tradit
846 991 968 1019 tamen
987 984 1196 1029 Diodorus,
1220 998 1306 1028 xw,
1328 983 1373 1019 33
1387 1011 1396 1028 ,
1418 984 1524 1019 brevi
1542 991 1711 1032 tempore

336 1047 436 1082 mille
459 1053 494 1081 et
519 1046 697 1080 ducentos
717 1045 952 1089 convenisse3
977 1046 1107 1093 hisque
1126 1046 1241 1093 copiis
1263 1046 1421 1086 eductis,
1438 1046 1710 1093 Thrasybulum

336 1121 444 1143 mane
464 1108 658 1155 inopinato
677 1107 715 1141 in
736 1107 886 1154 triginta
905 1114 1146 1155 tyrannorum
1166 1115 1280 1142 castra
1300 1107 1494 1155 irrupisse,
1513 1107 1710 1153 multisque

338 1182 465 1204 corum
495 1168 711 1212 interfectis,
739 1168 822 1203 illos
840 1169 1000 1204 Athenas
1029 1182 1067 1203 se
1093 1168 1258 1216 recipere
1287 1169 1437 1216 cogisse.
1468 1169 1550 1203 Imo
1573 1169 1709 1203 Xeno-

337 1231 458 1278 phon,
480 1230 519 1265 in
548 1231 636 1265 Hist.
657 1243 790 1278 gneo,
818 1242 869 1273 11,
894 1234 913 1271 4
929 1258 938 1273 ,
959 1231 1212 1277 septingentos
1238 1230 1347 1265 fuisse
1374 1237 1518 1275 narrat,
1539 1230 1602 1277 qui
1621 1242 1711 1264 mox

338 1292 385 1326 ad
409 1292 509 1325 mille
535 1291 773 1325 accreverint.

395 1353 498 1387 Veste
525 1353 703 1401 spoliavit.
738 1350 851 1396 Quod
875 1358 981 1399 turpe
1006 1352 1165 1399 fortique
1193 1352 1285 1387 duce
1315 1352 1509 1398 indignum
1539 1358 1633 1387 esset
1666 1364 1710 1387 ex

338 1414 490 1449 mortuis
510 1414 628 1461 spolia
650 1420 808 1460 captare.

389 1476 472 1510 CAP.
496 1476 567 1510 ΙΙΙ.
594 1476 774 1510 Praetores
797 1476 921 1510 creati.
951 1476 996 1510 Id
1019 1483 1073 1511 est
1093 1483 1128 1511 et
1147 1476 1348 1511 decemviri
1368 1476 1448 1523 qui,
1473 1476 1623 1523 triginta
1650 1483 1713 1524 ty-

338 1537 462 1572 rannis
490 1536 630 1583 ejectis,
655 1535 867 1583 reipublicae
892 1536 1110 1572 ordinandae
1135 1550 1238 1573 causa
1269 1537 1413 1572 fuerant
1436 1538 1482 1572 ab
1504 1537 1711 1573 Athenien-

338 1599 438 1633 sibus
458 1598 581 1634 creati.
602 1598 752 1641 Justin„
775 1610 814 1641 V,
839 1610 894 1632 10.
916 1600 970 1634 Ne
990 1611 1058 1647 pro
1078 1598 1296 1634 decemviris
1317 1599 1453 1634 habeas
1472 1606 1578 1634 antea
1598 1599 1636 1633 in
1655 1598 1714 1633 Pi-

338 1673 411 1695 raeo
432 1659 649 1695 constitutis.

391 1724 526 1770 Legem
544 1721 738 1756 oblivionis.
765 1721 810 1755 Id
835 1729 889 1757 est
911 1723 1096 1758 amnistioe
1117 1735 1179 1757 seu
1198 1723 1470 1769 praeteritorum
1499 1722 1712 1757 oblivionis.

340 1783 506 1818 Valerius
534 1782 737 1827 Maximus,
762 1796 823 1827 1v,
847 1796 859 1818 1
875 1797 883 1827 ;
898 1785 1068 1829 Extern„
1090 1790 1108 1826 4
1127 1797 1133 1817 :
1151 1801 1164 1815 α
1186 1784 1272 1820 Haec
1291 1784 1452 1829 oblivio,
1473 1797 1583 1832 quam
1596 1785 1713 1819 Athe-

341 1845 484 1880 nienses
507 1843 718 1888 ἀμνηστίαν
746 1853 893 1881 vocant.
917 1862 932 1876 »

391 1908 473 1942 CAP.
497 1909 559 1943 IV.
589 1908 746 1943 Honoris
770 1921 914 1943 corona.
938 1909 1015 1943 Hac
1037 1908 1247 1943 donabatur
1272 1908 1436 1956 quisquis
1458 1907 1504 1944 de
1525 1908 1713 1955 republica

342 1969 436 2004 bene
450 1969 600 2004 meritus
623 1977 721 2014 erat,
740 1970 778 2004 in
796 1982 930 2017 magna
949 1970 1081 2017 populi
1102 1969 1324 2017 frequentia,
1344 1969 1517 2016 adjuncto
1537 1970 1716 2017 praeconis

344 2030 478 2076 elogio.
500 2031 654 2065 cisum.

398 2091 548 2138 Septem
576 2092 796 2138 sapientum.
825 2092 899 2135 Qui
918 2091 1063 2127 fuerant
1086 2092 1186 2138 apud
1208 2094 1354 2127 Graecos
1376 2093 1514 2137 Solon,
1534 2091 1692 2127 Pittacus
1707 2119 1716 2134 ‚

343 2153 443 2195 Bias,
457 2153 612 2196 Thales,
631 2152 847 2196 Cleobulus,
868 2154 1002 2201 Myson
1022 2160 1057 2189 et
1078 2153 1223 2188 Chilon,
1244 2155 1299 2188 De
1319 2161 1476 2201 quatuor
1490 2154 1619 2202 primis
1639 2167 1717 2189 om-

341 2227 406 2250 nes
432 2214 678 2249 consentiunt.
715 2214 876 2259 Quidam
906 2222 1045 2259 autem,
1077 2215 1186 2249 trium
1211 2215 1498 2250 novissimorum
1523 2217 1625 2261 loco,
1649 2218 1717 2251 Pe-

341 2275 549 2319 1·iandrum‚
572 2276 881 2311 Anarcharsidem
903 2276 1235 2324 Epimenidemque
1261 2283 1416 2324 ponunt.

396 2338 452 2372 De
473 2337 725 2385 Thrasybulo,
751 2338 838 2372 vide
858 2338 1089 2383 Diodorum,
1107 2339 1416 2386 Xenophontem,
1443 2339 1718 2387 Thucydidem,

342 2399 592 2442 Plutarchum,
616 2399 853 2444 Pausaniam,
879 2397 1082 2444 Justinum,
1105 2400 1291 2435 Valerium
1315 2400 1536 2445 Maximum,
1562 2408 1597 2436 et
1624 2401 1719 2436 inter

343 2460 585 2502 recentiores,
599 2461 724 2494 Rollin
748 2467 783 2495 et
806 2461 1050 2507 Bar-tlzcsslemy.
1066 2463 1182 2496 Penes
1202 2462 1349 2497 Bosium
1370 2475 1539 2497 nummus
1563 2470 1659 2506 erat,
1680 2462 1718 2497 in

344 2522 443 2568 cujus
468 2534 543 2556 uno
571 2522 683 2556 latere
712 2530 821 2570 caput
850 2523 1035 2563 imberbe,
1061 2530 1097 2559 et
1127 2523 1490 2568 &PAETBOTAOQ
1519 2524 1557 2558 in
1583 2525 1719 2568 altero,

344 2583 441 2619 inter
459 2595 606 2631 capram
631 2590 667 2618 et
697 2585 995 2631 supervolantem
1030 2585 1067 2620 in
1099 2585 1217 2632 capite
1249 2585 1450 2621 ciconiam:
1472 2587 1532 2620 ΤΗ
1555 2585 1717 2621 ΑΡΕΤΗ.
