1859 3310
699 239 994 275 ALCIBIADES.
1479 234 1525 274 37

160 338 247 371 tam
274 324 389 370 ferus
409 325 556 379 fuerit,
577 324 680 383 quin
703 325 793 384 ejus
810 340 956 367 casum
980 320 1249 382 lacrymarit,
1273 318 1518 362 inimicum-

157 421 239 465 que
270 405 338 450 his
365 422 408 449 se
441 403 697 458 ostenderit,
727 420 913 464 quorum
936 419 1066 463 opera
1089 401 1229 461 patria
1254 398 1403 460 pulsus
1426 397 1517 441 fue—

155 492 224 528 rat
247 500 257 526 ε
279 483 461 544 proinde
485 499 534 527 ac
556 483 590 527 si
613 482 721 526 alius
745 482 951 543 populus,
980 497 1068 525 non
1092 479 1163 523 ille
1191 480 1283 539 ipse
1318 479 1392 537 qui
1424 486 1517 520 tum

154 561 302 617 flebat,
318 578 417 605 eum
441 561 652 623 sacrilegii
669 562 925 605 damnasset.
940 560 1158 605 Restituta
1177 575 1279 620 ergo
1298 558 1400 601 huic
1417 564 1518 600 sunt

153 639 324 700 publice
336 641 450 685 bona
465 657 476 696 3
493 641 710 702 iidemque
734 640 795 685 illi
818 639 1088 701 Eumolpidae
1106 638 1348 683 sacerdotes
1369 652 1518 681 rursus

151 735 370 764 resacrare
387 730 488 767 sunt
507 722 665 776 coacti,
680 721 754 781 qui
777 737 872 764 eum
892 720 1154 764 devoverant
1171 735 1182 773 3
1206 716 1390 778 pilaeque
1411 715 1515 770 illae,

151 799 196 842 in
219 799 377 860 quibus
397 799 571 844 devotio
595 800 734 844 fuerat
753 800 933 860 scripta,
958 800 1001 842 in
1024 814 1141 842 mare
1164 797 1453 857 praecipitatae.

209 880 310 923 VII.
337 883 438 925 Haec
471 880 684 925 Alcibiadi
721 879 867 924 laetitia
899 896 988 922 non
1023 877 1150 921 nimis
1179 877 1260 920 fuit
1295 875 1513 919 diuturna.

150 959 265 1004 Nam
301 976 436 1020 quum
473 961 512 1004 ei
546 977 695 1004 omnes
731 969 873 1003 essent
906 960 1092 1002 honores
1124 955 1306 1011 decreti,
1341 963 1517 1014 totaque

150 1038 396 1099 respublica
416 1039 532 1083 domi
554 1038 744 1099 bellique
767 1038 947 1094 tradita,
973 1047 1019 1081 ut
1039 1036 1166 1080 unius
1191 1035 1371 1079 arbitrio
1394 1050 1516 1094 gere-

150 1127 298 1173 retur3
321 1127 363 1162 et
386 1119 477 1179 ipse
497 1118 781 1179 postulasset,
805 1127 853 1161 ut
871 1117 957 1160 duo
986 1116 1065 1159 sibi
1090 1114 1265 1175 collegae
1287 1113 1515 1169 darentur,

103 1227 106 1231 -
148 1196 445 1258 Thrasybulus
489 1208 534 1242 et
571 1197 847 1253 Adimantus,
888 1212 1027 1256 neque
1061 1194 1105 1238 id
1140 1204 1346 1255 negatum
1381 1202 1514 1247 esset3

148 1275 282 1321 classe
297 1278 386 1338 jam
409 1278 453 1322 in
475 1278 622 1322 Asiam
646 1277 886 1338 profectus,
906 1274 1023 1336 quod
1042 1273 1158 1335 apud
1181 1275 1345 1334 Cymen
1370 1272 1515 1315 minus

147 1372 197 1400 ex
214 1359 428 1402 sententia
445 1375 535 1402 rem
552 1366 763 1419 gesserat,
777 1357 821 1400 in
840 1355 1048 1400 invidiam
1069 1353 1235 1398 recidit.
1251 1350 1373 1397 Nihil
1397 1353 1513 1395 enim

146 1453 247 1481 eum
266 1454 356 1481 non
384 1437 551 1482 efficere
574 1454 697 1498 posse
722 1436 950 1481 ducebant.
972 1438 1035 1480 Ex
1062 1451 1148 1495 quo
1171 1434 1322 1489 fiebat,
1347 1442 1394 1477 ut
1421 1450 1514 1476 om-

146 1517 218 1560 nia
241 1517 385 1560 minus
406 1534 613 1578 prospere
644 1526 762 1578 gesta
792 1517 884 1578 ejus
915 1513 1053 1576 culpae
1082 1514 1350 1568 tribuerent3
1378 1529 1512 1572 quum

145 1613 244 1640 eum
274 1606 349 1640 aut
377 1596 666 1658 negligenter,
697 1605 771 1640 aut
799 1595 1011 1639 malitiose
1039 1594 1186 1638 fecisse
1215 1592 1510 1654 loquerentur.

144 1676 264 1719 Sicut
292 1685 387 1719 tum
418 1676 573 1720 accidit
594 1693 602 1719 :
625 1692 745 1731 nam,
776 1684 1030 1735 corruptum
1054 1691 1079 1718 a
1104 1677 1223 1735 Rege
1245 1689 1398 1733 capere
1429 1673 1514 1732 Cy-

145 1772 244 1799 men
269 1754 480 1811 noluisse,
510 1756 762 1817 arguebant.
786 1757 939 1815 Itaque
966 1754 1069 1797 huic
1099 1754 1286 1797 maxime
1309 1762 1512 1814 putamus

144 1834 258 1878 malo
283 1835 412 1880 fuisse
429 1836 613 1879 nimiam
636 1836 890 1896 opinionem
904 1835 1068 1895 ingenii
1087 1844 1217 1894 atque
1235 1833 1423 1877 virtutis.
1441 1834 1508 1876 Ti-

144 1915 344 1959 inebatur
380 1915 497 1958 enim
530 1931 619 1958 non
654 1916 817 1971 minus,
848 1930 979 1974 quam
1016 1912 1309 1974 diligebatur:
1339 1928 1413 1969 ne,
1447 1929 1510 1956 se-

142 1993 285 2038 cunda
324 1993 518 2050 fortuna,
554 1995 808 2056 magnisque
849 1994 1003 2054 opibus
1043 1992 1205 2050 elatus,
1236 1992 1509 2054 tyrannidem

141 2073 481 2133 concupisceret.
508 2075 680 2130 Quibus
704 2075 832 2119 rebus
855 2074 1019 2119 factum
1039 2085 1127 2130 est,
1157 2083 1205 2117 ut
1228 2074 1392 2118 absenti
1420 2089 1510 2116 ma-

142 2154 371 2214 gistratum
394 2155 672 2216 abrogarent,
702 2164 743 2199 et
769 2154 902 2200 alium
932 2157 976 2199 in
1000 2157 1092 2216 ejus
1115 2154 1258 2199 locum
1278 2154 1510 2198 substitue-

142 2243 251 2277 rent.
275 2234 327 2278 Id
348 2233 420 2278 ille
442 2245 492 2278 ut
511 2235 694 2292 audivit,
714 2235 893 2279 domum
913 2237 1073 2279 reverti
1096 2234 1258 2290 noluit,
1279 2245 1322 2278 et
1344 2252 1386 2278 se
1406 2236 1510 2278 Pac-

143 2323 240 2373 tyen
266 2313 474 2370 contulit,
504 2314 649 2374 ibique
682 2316 765 2358 tria
789 2314 962 2359 castella
988 2316 1298 2370 communivit,
1320 2318 1508 2369 Bornos,

142 2393 402 2448 Bisanthen,
427 2394 714 2449 Neontichos3
739 2411 958 2454 manuque
980 2394 1179 2448 collecta,
1201 2396 1366 2454 primus
1387 2395 1508 2437 Grae-

142 2472 217 2517 ciae
242 2473 428 2516 civitatis
454 2474 497 2516 in
526 2474 754 2517 Thraciam
779 2475 967 2529 introiit,
992 2474 1218 2534 gloriosius
1239 2474 1507 2527 existimans,

142 2552 425 2596 barbarorum
446 2553 590 2613 praeda
614 2552 890 2614 locupletari,
911 2571 1039 2614 quam
1065 2555 1312 2598 Graiorum.
1338 2554 1438 2610 Qua
1458 2570 1507 2598 cx

143 2648 188 2674 rc
217 2642 409 2676 creverat
436 2650 571 2693 quum
599 2634 731 2689 fama,
758 2643 850 2678 tum
881 2634 1059 2694 opibus,
1089 2650 1377 2695 magnamque
1405 2636 1505 2678 anii-
