1859 3310
523 213 575 246 IN
605 212 744 246 VITAS
772 212 976 246 EXCELL.
1008 212 1172 246 IMPER.
1459 226 1528 258 227

562 347 604 374 ΙΝ
642 346 952 375 EPAMiNONDAE
989 346 1143 374 VITAM·

218 452 300 486 Gna.
326 452 388 486 IV.
409 449 641 486 Artaxerxis.
663 450 877 485 Mnemonis
900 449 1056 494 scilicet,
1075 450 1137 497 qui
1158 451 1315 486 multum
1337 450 1417 485 auri
1435 452 1535 498 Epa-

166 512 353 547 minondae
370 512 510 547 misisse
529 511 662 546 dicitur
681 511 728 546 ab
746 511 914 554 AEliano,
933 523 974 554 V,
1002 509 1035 546 5.

218 574 301 609 Cir.
320 573 383 607 VI.
407 572 601 608 Sociorum.
621 573 758 616 Quales
778 579 884 608 erant
906 571 1003 615 Elei,
1028 571 1173 619 Argivi,
1193 571 1363 608 Arcades.

218 634 300 669 CAP.
320 634 368 668 X.
392 634 457 668 Ex
480 646 578 669 arce.
603 634 783 679 Cadmea,
804 633 942 669 scilicet
965 646 985 668 a
1008 633 1149 668 Cadmo
1172 634 1379 669 conditore.

218 695 275 729 De
306 694 585 742 Epaminonda,
614 695 700 731 vide
729 695 983 738 Plutarchum,
1010 695 1048 730 in
1078 696 1282 744 Pelopida,
1312 684 1542 738 Diodorum,

166 755 472 802 Xenophontem,
487 756 722 801 Pausaniam,
736 757 966 804 Polyaenum,
985 756 1206 792 Frontinum
1218 784 1227 801 ,
1246 757 1266 791 J
1270 756 1447 802 ustinum,
1465 758 1542 792 Va—

168 816 296 851 lerium
321 817 545 861 Maximum,
565 825 601 852 et
614 818 711 853 inter
729 817 972 861 recentiores,
992 817 1225 865 Montaigne,
1246 819 1371 853 Rollin
1390 825 1426 853 et
1443 820 1544 854 Bar-

166 877 337 926 thelemy.

218 939 397 975 Nummus
420 952 531 987 penes
551 940 702 975 Bosium
721 947 817 985 erat,
842 941 881 975 in
906 941 1006 988 cujus
1031 941 1151 976 antica
1181 947 1286 987 parte
1311 948 1419 988 caput
1443 942 1544 988 Epa-—

167 1000 353 1036 minondae
372 1014 455 1036 cum
473 1001 716 1049 inscriptione
736 1003 1112 1039 ΕΠΑΜΙΝΟΝΔΑΣ
1137 1002 1364 1047 ΘΗΒΑΙΟΣ;
1388 1002 1425 1037 in
1452 1015 1544 1049 pos-

168 1061 254 1106 tica,
282 1060 399 1109 figura
423 1062 594 1098 militaris
617 1063 663 1098 ad
681 1076 781 1098 arma
801 1063 950 1108 sedens,
976 1076 1017 1099 ac
1040 1063 1186 1098 sinistra
1213 1064 1375 1099 lauream
1400 1070 1548 1107 tenens;

168 1130 254 1158 ante
271 1136 370 1168 eam,
393 1125 565 1159 columna
585 1123 643 1159 cui
663 1125 765 1171 galea
784 1123 977 1172 imposita,
999 1132 1035 1160 et
1054 1138 1206 1172 serpens
1226 1125 1549 1169 circumvolvitur,

168 1197 252 1220 cum
276 1185 405 1229 armis;
430 1185 576 1229 subtus,
601 1186 735 1220 ΚΑΤΑ
760 1186 1105 1232 ΛΑΚΕΔΑΙΜΟΝ,
1133 1199 1203 1234 pro
1232 1187 1550 1222 ΛΑΚΕΔΑΙΜΟ-

168 1245 296 1283 ΝῙΩΝ
321 1245 381 1295 (de
397 1245 756 1297 Lacedoemonibus).

602 1370 650 1399 IN
685 1371 921 1400 PELOPIDAE
955 1371 1113 1401 VITAM.

225 1468 309 1504 Cam.
323 1469 351 1503 Ι.
372 1469 609 1503 Adversarioe
609 1467 783 1514 factioni.
799 1470 842 1503 In
864 1481 934 1516 qua
953 1470 1248 1504 numerabantur
1266 1469 1464 1513 Ismenias,
1479 1471 1552 1504 Pe-

172 1528 336 1576 lopidas,
360 1529 601 1574 PherenicuS,
624 1530 888 1574 Androclides,
913 1530 1203 1577 Epaminondas.

224 1591 365 1626 Amicis
381 1592 467 1626 suis.
491 1591 536 1626 Id
556 1598 609 1626 est
621 1583 770 1626 'civibus
788 1592 994 1635 Thebanis,
1014 1605 1085 1627 suae
1105 1592 1280 1639 potentiae
1299 1592 1515 1627 fautoribus.

225 1652 415 1688 Factionis
432 1654 633 1700 principes.
664 1654 879 1698 Ismeniam,
905 1654 1034 1700 capitis
1066 1661 1292 1698 accusatum,
1321 1654 1554 1689 damnarunt.

174 1714 438 1759 AndroclideS,
456 1714 671 1762 Pelopidas,
683 1715 926 1759 Pherenicus,
946 1722 981 1750 et
999 1715 1105 1750 multi
1124 1716 1187 1750 alii
1205 1717 1290 1763 plus
1312 1729 1402 1751 cccc
1414 1743 1423 1759 ,
1442 1716 1556 1751 Athe-

175 1789 240 1812 nas
259 1776 522 1824 profugerant,
548 1789 592 1812 ex
616 1777 749 1824 quibus
772 1777 1039 1813 Androclidem
1068 1778 1272 1813 Leontides
1301 1778 1391 1813 dolo
1409 1776 1556 1813 interfi-

175 1839 346 1874 ciendum
366 1839 527 1883 curavit,
552 1846 591 1873 ut
611 1839 830 1886 Xenophon
856 1846 891 1875 et
910 1840 1125 1875 Plutarchus
1147 1847 1312 1876 narrant.
1335 1841 1500 1874 Limnm.

229 1901 314 1935 CAP.
334 1901 402 1935 ΙΙΙ.
422 1900 684 1948 Hierophante.
710 1901 978 1948 Hierophantae
998 1902 1208 1937 sacerdotes
1228 1909 1333 1937 erant
1353 1902 1555 1937 Athenien-

176 1961 289 2006 sium,
314 1961 378 2008 qui
402 1974 591 1997 sacrorum
617 1962 792 1997 custodiae
817 1962 978 2009 praefecti
1006 1970 1128 2007 erant,
1148 1970 1184 1998 et
1210 1963 1369 1998 maxime
1394 1963 1555 1998 cerimo-

176 2022 247 2057 niis
267 2023 455 2058 eleusiniis
480 2030 672 2070 praeerant.

230 2085 313 2119 cip.
334 2085 378 2118 V.
401 2084 551 2119 Coronis
562 2085 693 2119 aureis.
715 2085 808 2129 Quae
829 2084 940 2120 etiam
966 2086 1122 2120 mortuis
1145 2085 1289 2132 imponi
1311 2085 1497 2128 solebant,
1523 2092 1560 2119 ut

178 2147 287 2182 docet
305 2146 435 2181 Cicero
447 2173 457 2190 ,
468 2158 544 2194 pro
565 2147 712 2181 Flacco.

230 2195 452 2255 Pelopidam
479 2220 678 2243 narravere
708 2208 945 2253 Plutarchus,
969 2208 1205 2256 Xenophon,
1242 2208 1451 2250 Diodorus,
1481 2208 1558 2242 Po*

180 2270 336 2318 lyaenus,
366 2269 592 2313 Frontinus,
626 2269 820 2316 Polybius,
850 2270 1057 2304 Pausanias.
1091 2269 1197 2304 Adde
1231 2270 1354 2304 Rollin
1387 2275 1421 2303 et
1456 2268 1559 2301 Bar-

181 2331 350 2376 thelemy.

624 2453 672 2481 IN
711 2452 919 2481 AGESILAI
956 2452 1114 2480 VITAM.

235 2552 320 2587 CAP.
339 2551 369 2585 I.
397 2550 594 2585 Socratico.
621 2548 770 2595 Quippe
794 2548 856 2595 qui
879 2548 1031 2582 Socrate
1050 2554 1276 2595 praeceptore
1303 2554 1338 2582 et
1360 2547 1452 2583 duce
1479 2560 1562 2582 usus

185 2612 322 2649 fuisset.
345 2613 402 2648 Ita
427 2612 722 2659 Xenophontem
743 2610 906 2657 appellat
931 2609 1081 2653 Cicero,
1104 2610 1150 2643 de
1177 2608 1337 2655 Qfflcitlv,
1360 2622 1411 2651 11,
1439 2614 1483 2651 24

1315 2668 1377 2713 15.
