1859 3310
321 227 366 268 75
765 230 992 265 CORNELII
1020 229 1222 263 NEPOTIS

319 321 400 367 est,
427 322 472 354 ut
493 312 544 355 de
569 312 789 374 republica
814 312 915 355 nihil
934 346 944 366 ,
970 321 1123 372 praeter
1148 310 1348 371 gloriam,
1373 316 1545 374 ceperit.
1570 317 1679 359 Ami-

320 406 470 434 corum
491 393 534 434 in
555 408 598 435 se
620 391 780 435 tuendo
801 392 938 434 caruit
958 389 1254 447 facultatibus3
1276 391 1359 435 fide
1383 392 1438 435 ad
1461 392 1566 436 alios
1587 395 1682 437 sub-

321 468 522 514 levandos
548 487 657 530 saepe
681 472 740 513 sic
771 487 870 513 usus
900 478 983 525 est,
1013 479 1060 513 ut
1093 471 1227 531 possit
1246 471 1452 530 judicari,
1476 474 1620 516 omnia
1644 475 1681 517 ei

319 565 417 590 cum
437 550 583 592 amicis
603 549 730 591 fuisse
750 550 1009 592 communia.
1030 550 1141 592 Nam
1162 566 1297 609 quum
1317 561 1391 594 aut
1409 552 1566 594 civium
1587 568 1682 595 suo-

319 645 414 670 rum
435 627 588 687 aliquis
608 629 660 671 ab
682 629 878 672 hostibus
898 639 1006 672 esset
1026 639 1198 689 captus,
1223 640 1298 673 aut
1317 632 1439 691 virgo
1459 632 1585 674 amici
1606 648 1682 674 nu-

319 706 412 748 bilis
444 717 621 766 propter
655 717 953 768 paupertatem
986 707 1186 752 collocari
1216 725 1304 752 non
1333 720 1496 769 posset;
1528 711 1682 753 amico-

318 803 412 830 rum
439 785 671 830 concilium
695 787 900 842 habebat,
928 798 969 831 et
993 799 1204 848 quantum
1230 790 1411 848 quisque
1436 789 1575 846 daret,
1600 806 1680 850 pro

317 867 525 926 cujusque
542 865 816 910 facultatibus
837 868 1089 927 imperabat.
1108 870 1301 927 Eamque
1314 884 1524 911 summam
1545 885 1680 928 quum

317 945 495 1001 fecerat,
522 947 776 1006 priusquam
802 947 1014 1006 acciperet
1037 948 1286 1007 pecuniam,
1316 947 1555 990 adducebat
1582 964 1681 991 eum

316 1026 389 1083 qui
414 1026 655 1084 quaerebat,
680 1026 734 1069 ad
757 1042 828 1069 eos
855 1027 930 1086 qui
956 1026 1257 1082 conferebant,
1281 1028 1406 1086 eique
1429 1037 1477 1070 ut
1501 1028 1581 1087 ipsi
1605 1044 1681 1070 nu-

317 1115 551 1160 merarent,
576 1105 774 1161 faciebat;
807 1115 855 1149 ut
882 1105 952 1150 ille
987 1106 1040 1149 ad
1065 1123 1192 1166 quem
1217 1124 1265 1150 ea
1292 1123 1357 1150 res
1381 1106 1680 1167 perveniebat,

316 1185 441 1227 sciret
461 1195 673 1244 quantum
698 1187 852 1246 cuique
877 1186 1060 1230 deberet.

377 1266 451 1307 IV.
488 1266 672 1308 Tentata
696 1276 838 1309 autem
863 1267 954 1326 ejus
973 1276 1034 1310 est
1061 1268 1320 1311 abstinentia
1344 1284 1368 1310 a
1392 1266 1680 1311 Diomedonte

315 1344 542 1402 Cyziceno.
564 1345 762 1404 Namque
787 1346 840 1401 is,
868 1355 1023 1406 rogatu
1045 1348 1312 1402 Artaxerxis,
1333 1346 1679 1407 Epaminondam

313 1424 497 1482 pecunia
514 1425 880 1485 corrumpendum
898 1436 1155 1486 susceperat.
1178 1427 1260 1470 Hic
1280 1443 1440 1486 magno
1460 1443 1558 1470 cum
1577 1442 1682 1486 pon-

314 1502 412 1546 dere
447 1505 542 1547 auri
573 1505 744 1548 Thebas
780 1507 919 1560 venit,
958 1516 1000 1549 et
1032 1507 1277 1566 Micythum
1312 1505 1681 1550 adolescentulum

313 1584 505 1643 quinque
538 1584 708 1629 talentis
743 1585 797 1629 ad
833 1602 954 1629 suam
988 1586 1191 1646 perduxit
1226 1585 1518 1642 voluntatem,
1553 1602 1680 1646 quem

314 1673 406 1706 tum
433 1665 755 1724 Epaminondas
780 1664 1017 1725 plurimum
1043 1665 1260 1725 diligebat.
1277 1664 1495 1725 Micythus
1513 1666 1683 1725 Epami-

313 1742 504 1787 nondam
535 1746 757 1800 convenit,
784 1755 824 1788 et
849 1761 1021 1789 causam
1048 1744 1258 1788 adventus
1285 1745 1585 1788 Diomedontis
1618 1761 1683 1788 os-

313 1823 463 1866 tendit.
484 1826 540 1867 At
562 1823 650 1879 ille,
675 1824 965 1868 Diomedonte
985 1841 1131 1868 coram
1154 1842 1162 1867 :
1187 1843 1207 1864 α
1224 1823 1369 1879 Nihil,
1390 1825 1551 1884 inquit,
1573 1840 1681 1884 opus

313 1903 496 1962 pecunia
523 1914 608 1958 est;
636 1921 736 1947 nam
762 1905 795 1947 si
820 1921 870 1947 ea
898 1921 972 1947 rex
1004 1902 1099 1947 vult
1123 1920 1219 1964 quae
1250 1903 1466 1947 Thebanis
1491 1904 1576 1947 sint
1600 1904 1683 1947 uti-

312 1982 388 2037 lia,
410 1984 544 2043 gratis
567 1983 706 2027 facere
731 2000 825 2027 sum
851 1993 1051 2044 paratus3
1077 1985 1140 2027 sin
1164 1993 1307 2027 autem
1331 1984 1568 2039 contraria,
1594 1999 1683 2026 non

314 2062 443 2105 habet
466 2064 560 2105 auri
590 2072 719 2122 atque
749 2064 915 2123 argenti
945 2065 1044 2106 satis
1071 2081 1079 2106 :
1111 2079 1297 2122 namque
1322 2063 1438 2105 orbis
1467 2072 1683 2106 terrarum

313 2140 482 2185 divitias
506 2143 699 2203 accipere
729 2141 828 2185 nolo
859 2159 938 2203 pro
968 2143 1116 2202 patriae
1146 2143 1334 2185 caritate.
1366 2143 1447 2197 Te,
1475 2140 1592 2201 quod
1616 2157 1684 2184 me

314 2222 583 2281 incognitum
624 2223 824 2277 tentasti,
864 2223 1014 2281 tuique
1054 2221 1234 2264 similem
1274 2222 1550 2276 existimasti,
1594 2237 1682 2264 non

312 2301 460 2356 miror,
490 2301 655 2360 tibique
685 2301 883 2361 ignosco3
913 2301 984 2344 sed
1015 2300 1218 2361 egredere
1250 2317 1457 2360 propere,
1493 2317 1546 2344 ne
1578 2299 1682 2343 alios

313 2396 586 2440 corrumpas,
608 2397 742 2439 quum
764 2397 831 2423 me
851 2397 938 2424 non
959 2380 1164 2440 potueris.
1188 2381 1279 2435 Tu,
1300 2379 1508 2439 Micythe,
1531 2395 1683 2440 argen-

313 2469 405 2502 tum
430 2460 531 2502 huic
560 2459 691 2502 redde
718 2477 726 2503 ε
753 2461 834 2503 nisi
860 2460 902 2503 id
937 2459 1162 2503 confestim
1187 2458 1310 2514 facis,
1337 2476 1417 2519 ego
1445 2469 1486 2502 te
1514 2458 1683 2501 tradam

313 2539 636 2598 magistratui.»
670 2542 797 2582 Hunc
832 2539 1075 2583 Diomedon
1109 2555 1241 2598 quum
1278 2548 1473 2599 rogaret,
1507 2548 1555 2581 ut
1588 2547 1682 2581 tuto

313 2618 447 2673 exire,
475 2633 659 2676 suaque,
683 2635 776 2677 quae
797 2617 1032 2672 attulisset,
1052 2617 1198 2660 liceret
1220 2617 1370 2660 efferre
1390 2635 1398 2659 ε
1421 2616 1596 2672 «Istud,
1619 2617 1681 2659 in-
