1859 3310
378 246 399 282 5
407 247 426 282 ‘3
831 246 1061 282 CORNELII
1093 243 1297 279 NEPOTIS

380 341 499 375 tanta
528 332 753 375 severitate
783 331 987 374 exercitui
1019 329 1214 390 praefuit,
1245 337 1291 369 ut
1320 323 1446 368 nullae
1478 337 1666 382 unquam
1694 320 1737 364 in

379 411 549 454 Graecia
583 427 722 469 neque
755 409 1072 452 exercitatiores
1107 408 1261 467 copiae,
1292 419 1431 464 neque
1460 402 1593 462 magis
1627 400 1741 444 dicto

379 488 601 533 audientes
636 488 795 530 fuerint
829 486 949 537 duci3
983 487 1026 528 in
1062 501 1241 545 eamque
1276 480 1632 528 consuetudinem
1668 478 1744 521 ad-

380 567 525 623 duxit,
551 576 621 620 ut,
648 582 781 625 quum
809 563 950 624 proelii
972 566 1142 624 signum
1169 565 1219 607 ab
1248 565 1507 623 imperatore
1533 569 1642 603 esset
1671 558 1745 601 da-

381 656 494 701 tum,
520 646 611 688 sine
636 644 756 687 ducis
777 659 909 703 opera
933 643 992 686 sic
1015 642 1222 686 ordinatae
1246 644 1548 694 consisterent,
1578 648 1624 682 ut
1654 639 1744 682 sin—

383 723 470 784 guli
494 724 546 766 ab
570 723 829 783 peritissimo
855 723 1117 782 imperatore
1146 721 1341 781 dispositi
1361 719 1623 763 viderentur.
1652 720 1746 761 Hoc

379 802 569 846 exercitu
614 803 786 845 Moram
832 800 1261 845 Lacedaemoniorum
1308 799 1538 858 intercepit
1570 815 1580 840 t
1627 796 1744 857 quod

382 881 567 923 maxime
587 889 676 923 tota
699 879 962 923 celebratum
985 888 1047 922 est
1069 879 1248 923 Graecia.
1269 879 1436 920 Iterum
1458 875 1610 920 eodem
1633 874 1745 918 bello

380 974 530 1002 omnes
548 959 691 1018 copias
715 975 863 1001 eorum
888 957 1074 1018 fugavit3
1096 973 1182 1017 quo
1205 956 1317 1000 facto
1341 972 1542 1016 magnam
1566 955 1747 1015 adeptus

381 1047 445 1081 est
488 1036 684 1098 gloriam.
724 1039 875 1094 Quum
918 1040 1174 1080 Artaxerxes
1213 1036 1412 1096 AEgyptio
1451 1035 1542 1095 regi
1584 1032 1747 1076 bellum

382 1115 540 1160 inferre
568 1115 725 1172 voluit,
752 1116 1014 1176 Iphicratem
1044 1115 1096 1158 ab
1125 1113 1454 1158 Atheniensibus
1484 1112 1640 1172 petivit
1668 1111 1747 1155 du-

382 1211 495 1249 cem,
513 1211 641 1255 quem
666 1194 899 1255 praeficeret
919 1195 1123 1238 exercitui
1147 1192 1433 1246 conductitio,
1454 1192 1576 1251 cujus
1596 1207 1748 1234 nume-

382 1292 455 1319 rus
474 1274 703 1318 duodecim
726 1273 911 1317 millium
928 1273 1030 1327 fuit;
1054 1289 1183 1334 quem
1203 1271 1375 1333 quidem
1399 1272 1459 1315 sic
1482 1272 1601 1314 omni
1626 1270 1749 1314 disci-

381 1353 501 1414 plina
540 1352 718 1397 militari
756 1353 968 1408 erudivit,
1008 1363 1080 1407 ut,
1118 1351 1485 1413 quemadmodum
1527 1350 1747 1411 quondam

381 1433 559 1476 Fabiani
587 1431 744 1475 milites
768 1432 956 1475 Romani
980 1431 1183 1492 appellati
1207 1441 1327 1486 sunt,
1352 1431 1410 1474 sic
1433 1430 1748 1490 Iphicratenses

381 1511 497 1571 apud
531 1513 705 1555 Graecos
737 1513 781 1555 in
815 1527 982 1555 summa
1015 1510 1141 1554 laude
1172 1511 1344 1554 fuerint.
1378 1509 1525 1564 Idem,
1556 1509 1749 1553 subsidio

380 1589 716 1633 Lacedaemoniis
738 1591 982 1651 profectus,
1009 1589 1322 1650 Epaminondae
1350 1588 1588 1632 retardavit
1617 1590 1750 1648 impe-

380 1678 468 1722 tus;
488 1685 609 1724 nam,
636 1671 718 1712 nisi
744 1671 834 1729 ejus
854 1669 1063 1713 adventus
1086 1669 1494 1729 appropinquasset,
1520 1685 1605 1712 non
1629 1668 1748 1728 prius

379 1748 575 1792 Thebani
615 1750 768 1808 Sparta
808 1749 1131 1803 abscessissent,
1169 1764 1300 1808 quam
1338 1758 1509 1808 captam
1549 1747 1748 1792 incendio

382 1827 607 1871 delessent.

443 1908 522 1950 III.
558 1907 656 1950 Fuit
676 1917 823 1951 autem
849 1917 892 1951 et
914 1908 1060 1951 animo
1087 1924 1247 1969 magno
1271 1917 1311 1951 et
1338 1923 1539 1968 corpore,
1565 1908 1749 1966 impera-

378 1985 576 2045 toriaque
600 1985 764 2041 forma,
793 1996 842 2029 ut
866 1988 959 2047 ipso
985 1997 1158 2047 aspectu
1182 1988 1317 2031 cuivis
1343 1988 1537 2047 injiceret
1563 1985 1748 2030 admira-

379 2064 543 2108 tionem
577 2066 656 2109 sui.
693 2066 776 2109 Sed
817 2068 860 2109 in
899 2066 1042 2110 labore
1078 2068 1278 2110 remissus
1315 2068 1467 2120 nimis,
1505 2083 1746 2127 parumque

379 2144 572 2203 patiens,
595 2153 643 2188 ut
669 2145 976 2205 Theopompus
1001 2146 1216 2189 memoriae
1242 2145 1456 2206 prodidit;
1481 2146 1621 2189 bonus
1646 2162 1747 2189 vero

378 2223 506 2278 civis,
534 2222 704 2284 fideque
727 2240 907 2285 magna:
931 2224 1048 2284 quod
1069 2241 1205 2284 quum
1229 2226 1272 2267 in
1296 2224 1389 2268 aliis
1413 2225 1539 2268 rebus
1561 2223 1748 2268 declara-

380 2302 464 2356 vit,
493 2311 585 2346 tum
613 2304 797 2347 maxime
821 2305 866 2347 in
894 2305 1089 2364 Amyntae
1111 2304 1361 2348 Macedonis
1388 2302 1532 2347 liberis
1562 2303 1743 2348 tuendis.

379 2383 579 2443 Namque
600 2382 836 2444 Eurydice,
860 2393 998 2427 mater
1020 2383 1234 2428 Perdiccae
1260 2393 1303 2427 et
1320 2382 1537 2444 Philippi,
1562 2399 1659 2427 cum
1682 2382 1747 2427 his

379 2460 548 2505 duobus
566 2464 733 2522 pueris,
755 2465 943 2523 Amynta
964 2473 1158 2517 mortuo,
1179 2463 1231 2506 ad
1249 2463 1510 2523 Iphicratem
1534 2461 1747 2523 confugit,

379 2542 556 2600 ejusque
583 2541 737 2600 opibus
764 2541 938 2585 defensa
967 2550 1042 2585 est.
1066 2543 1184 2585 Vixit
1212 2541 1266 2584 ad
1291 2550 1576 2595 senectutem,
1606 2541 1746 2601 placa-

381 2619 432 2661 tis
465 2620 509 2662 in
540 2635 583 2662 se
616 2635 794 2664 suorum
832 2620 991 2663 civium
1020 2621 1186 2664 animis.
1218 2622 1403 2664 Causam
1432 2621 1583 2680 capitis
1616 2622 1739 2665 semel
